% Encoding: UTF-8

@Article{reuveny2001bilateral,
  author    = {Reuveny, Rafael},
  title     = {Bilateral import, export, and conflict/cooperation simultaneity},
  journal   = {International Studies Quarterly},
  year      = {2001},
  volume    = {45},
  number    = {1},
  pages     = {131--158},
  publisher = {The Oxford University Press},
}


@Comment{jabref-meta: databaseType:bibtex;}
