%% This BibTeX bibliography file was created using BibDesk.
%% http://bibdesk.sourceforge.net/

%% Created for Guillaume Daudin at 2018-08-31 15:21:28 +0200 


%% Saved with string encoding Unicode (UTF-8) 


@comment{jabref-meta: databaseType:bibtex;}


@book{schnakenbourg2013guerre,
  title={Entre la guerre et la paix},
  author={Schnakenbourg, {\'E}ric},
  journal={Neutralit{\'e} et relations internationales, XVI e--XVIII e si{\`e}cles},
  pages={375},
  year={2013},
  publisher={Presses Universitaires de Rennes}
}

@book{tarrade1972commerce,
  title={Le commerce colonial de la France {\`a} la fin de l'Ancien R{\'e}gime: l'{\'e}volution du r{\'e}gime de" l'Exclusif" de 1763 {\`a} 1789},
  author={Tarrade, Jean},
  year={1972},
  publisher={(Poitiers [France]: Imp. P. Oudin)}
}


@book{modelski1988seapower,
  title={Seapower and Global Politics},
  author={Modelski, George and Thompson, William R},
  booktitle={Seapower in Global Politics, 1494--1993},
  pages={3--26},
  year={1988},
  publisher={Springer}
}


@incollection{romano1957documenti,
	Author = {Romano, Ruggiero},
	Booktitle = {Studi in Onore di Armando Sapori},
	Date-Added = {2018-08-31 15:15:47 +0200},
	Date-Modified = {2018-08-31 15:21:22 +0200},
	Publisher = {Istituto Editoriale Cisalpino},
	Title = {Documenti e prime considerazioni intorno alla «Balance du Commerce» della Francia dal 1716 al 1780},
	Volume = {2},
	Year = {1957}}

@article{reuveny2001bilateral,
	Author = {Reuveny, Rafael},
	Journal = {International Studies Quarterly},
	Number = {1},
	Pages = {131--158},
	Timestamp = {2017-08-25T09:02:03Z},
	Title = {Bilateral Import, Export, and Conflict/Cooperation Simultaneity},
	Volume = {45},
	Year = {2001}}

@book{davis2006naval,
	Author = {Davis, Lance E and Engerman, Stanley L},
	Publisher = {Cambridge University Press},
	Title = {Naval blockades in peace and war: an economic history since 1750},
	Year = {2006}}

@article{glick2010collateral,
	Author = {Glick, Reuven and Taylor, Alan M},
	Journal = {The Review of Economics and Statistics},
	Number = {1},
	Pages = {102--127},
	Timestamp = {2017-08-25T09:02:03Z},
	Title = {Collateral Damage: {{Trade}} Disruption and the Economic Impact of War},
	Volume = {92},
	Year = {2010}}

@article{baier2007free,
	Author = {Baier, Scott L and Bergstrand, Jeffrey H},
	Journal = {Journal of international Economics},
	Number = {1},
	Pages = {72--95},
	Timestamp = {2017-08-25T09:02:03Z},
	Title = {Do Free Trade Agreements Actually Increase Members' International Trade?},
	Volume = {71},
	Year = {2007}}

@article{daudin2010domestic,
	Author = {Daudin, Guillaume},
	Journal = {The Journal of Economic History},
	Number = {03},
	Pages = {716--743},
	Timestamp = {2017-08-25T09:02:03Z},
	Title = {Domestic Trade and Market Size in Late-Eighteenth-Century {{France}}},
	Volume = {70},
	Year = {2010}}

@article{charles_eighteenth-century_2015,
	Author = {Charles, Lo{\"\i}c and Daudin, Guillaume},
	Journal = {Revue de l'OFCE},
	Number = {4},
	Pages = {7--36},
	Timestamp = {2017-08-25T09:02:03Z},
	Title = {Eighteenth-Century International {{Trade}} Statistics},
	Year = {2015}}

@article{glaser2016ex,
	Author = {Glaser, Darrell J. and Rahman, Ahmed S.},
	Journal = {Journal of International Economics},
	Pages = {95--111},
	Timestamp = {2017-08-25T09:02:03Z},
	Title = {Ex {{Tridenti Mercatus}}? {{Sea}}-Power and Maritime Trade in the Age of Globalization},
	Volume = {100},
	Year = {2016}}

@article{rahman2010fighting,
	Author = {Rahman, Ahmed S.},
	Journal = {Explorations in Economic History},
	Number = {1},
	Pages = {28--48},
	Timestamp = {2017-08-25T09:02:03Z},
	Title = {Fighting the Forces of Gravity--{{Seapower}} and Maritime Trade between the 18th and 20th Centuries},
	Volume = {47},
	Year = {2010}}

@article{blomberg2006much,
	Author = {Blomberg, S. and Brock and Hess, Gregory D},
	Journal = {The Review of Economics and Statistics},
	Number = {4},
	Pages = {599--612},
	Timestamp = {2017-08-25T09:02:03Z},
	Title = {How Much Does Violence Tax Trade?},
	Volume = {88},
	Year = {2006}}

@book{oliphant2015john,
	Author = {Oliphant, John},
	Publisher = {{Bloomsbury Publishing}},
	Timestamp = {2017-08-25T09:02:03Z},
	Title = {John {{Forbes}}: {{Scotland}}, {{Flanders}} and the {{Seven Years}}' {{War}}, 1707-1759},
	Year = {2015}}

@article{martin2008make,
	Author = {Martin, Philippe and Mayer, Thierry and Thoenig, Mathias},
	Journal = {The Review of Economic Studies},
	Number = {3},
	Pages = {865--900},
	Timestamp = {2017-08-25T09:02:03Z},
	Title = {Make Trade Not War?},
	Volume = {75},
	Year = {2008}}

@article{blomberg2006conflict,
	Author = {Blomberg, S. Brock and Hess, Gregory D and Thacker, Siddharth},
	Journal = {Economics \& Politics},
	Number = {3},
	Pages = {237--267},
	Timestamp = {2017-08-25T09:02:03Z},
	Title = {On the Conflict--Poverty Nexus},
	Volume = {18},
	Year = {2006}}

@article{barbieri1999sleeping,
	Author = {Barbieri, Katherine and Levy, Jack S},
	Journal = {Journal of Peace Research},
	Number = {4},
	Pages = {463--479},
	Timestamp = {2017-08-25T09:02:03Z},
	Title = {Sleeping with the Enemy: {{The}} Impact of War on Trade},
	Volume = {36},
	Year = {1999}}

@article{juhasz2014temporary,
	Author = {Juh{\'a}sz, R{\'e}ka},
	Timestamp = {2017-08-25T09:02:03Z},
	Title = {Temporary Protection and Technology Adoption: {{Evidence}} from the Napoleonic Blockade},
	Year = {2014}}

@article{anderton2001impact,
	Author = {Anderton, Charles H and Carter, John R},
	Journal = {Journal of Peace Research},
	Number = {4},
	Pages = {445--457},
	Timestamp = {2017-08-25T09:02:03Z},
	Title = {The Impact of War on Trade: {{An}} Interrupted Times-Series Study},
	Volume = {38},
	Year = {2001}}

@article{farr2016merchant,
	Author = {Farr, James R},
	Timestamp = {2017-08-25T09:02:03Z},
	Title = {The {{Merchant Republics}}: {{Amsterdam}}, {{Antwerp}}, and {{Hamburg}}, 1648--1790, by {{Mary Lindemann}}},
	Year = {2016}}

@article{o2006worldwide,
	Author = {O'Rourke, Kevin H},
	Journal = {Journal of Global History},
	Number = {1},
	Pages = {123--149},
	Publisher = {Cambridge University Press},
	Title = {The worldwide economic impact of the French Revolutionary and Napoleonic Wars, 1793--1815},
	Volume = {1},
	Year = {2006}}

@book{findlay2009power,
	Author = {Findlay, Ronald and O'Rourke, Kevin H},
	Publisher = {Princeton University Press},
	Title = {Power and plenty: trade, war, and the world economy in the second millennium},
	Year = {2009}}

@article{levy2004trading,
	Author = {Levy, Jack S and Barbieri, Katherine},
	Journal = {Security Studies},
	Number = {3},
	Pages = {1--47},
	Timestamp = {2017-08-25T09:02:03Z},
	Title = {Trading with the Enemy during Wartime},
	Volume = {13},
	Year = {2004}}

@book{deane_british_1969,
	Address = {Cambridge},
	Annote = {The following values have no corresponding Zotero field:Author Address: 4. Autres {\'e}conomies europ{\'e}ennes ou travaux comparatifs},
	Author = {Deane, Phyllis and Cole, W.A.},
	Edition = {2},
	Keywords = {Historique Th{\'e}orique {\'E}tranger Industrie Agriculture},
	Publisher = {{Cambridge University Press}},
	Shorttitle = {British {{Economic Growth}} 1688-1959 : {{Trends}} and {{Structure}}},
	Timestamp = {2017-08-25T09:06:15Z},
	Title = {British {{Economic Growth}} 1688-1959 : {{Trends}} and {{Structure}}},
	Year = {1969}}

@misc{daudin_toflit18_????,
	Author = {Charles, Lo{\"\i}c and Daudin, Guillaume and Girard, Paul},
	Howpublished = {\url{https://toflit18.hypotheses.org}},
	Timestamp = {2017-08-25T09:18:30Z},
	Title = {{{TOFLIT18}} Database}}

@misc{daudin_toflit18_medialab,
	Author = {Charles, Lo{\"\i}c and Daudin, Guillaume and Girard, Paul},
	Howpublished = {\url{http://toflit18.medialab.sciences-po.fr/#/home}},
	Timestamp = {2017-08-25T09:18:30Z},
	Title = {{{TOFLIT18}} Medialab Database}}

@article{dedinger_exploring_2017,
	Author = {Dedinger, B{\'e}atrice and Girard, Paul},
	Doi = {10.1080/01615440.2016.1220269},
	Journal = {Historical Methods: A Journal of Quantitative and Interdisciplinary History},
	Number = {1},
	Pages = {30--48},
	Timestamp = {2017-08-25T09:17:28Z},
	Title = {Exploring Trade Globalization in the Long Run: {{The RICardo}} Project - {{Google Scholar}}},
	Urldate = {2017-08-25},
	Volume = {50},
	Year = {2017},
	Bdsk-Url-1 = {https://doi.org/10.1080/01615440.2016.1220269}}

@article{federico_world_2016,
	Author = {Federico, Giovanni and Tena-Junguito, Antonio},
	Journal = {EHES Working Papers in Economic History},
	Number = {93},
	Pages = {300},
	Timestamp = {2017-08-25T09:23:32Z},
	Title = {World Trade, 1800-1938: A New Data-Set},
	Urldate = {2017-08-25},
	Year = {2016}}

@book{de_wailly_memoire_1857,
	Abstract = {M{\'e}moires de l'Institut national de France.},
	Address = {Paris},
	Author = {{de Wailly}, Natalis},
	Publisher = {{M{\'e}moires de l'Institut national de France, Acad{\'e}mie des inscriptions et belles lettres}},
	Timestamp = {2017-08-25T10:11:50Z},
	Title = {M{\'e}moire Sur Les Variations de La Livre Trounois Depuis Le R{\`e}gne de {{Saint Louis}} Jusqu' {\`a} l'{\'e}tablissement de La Monnaie D{\'e}cimale},
	Volume = {2},
	Year = {1857}}

@misc{clark_england_1209-1914_2006,
	Author = {Clark, Greg and Lindert, Peter},
	Howpublished = {\url{"gpih.ucdavis.edu/files/England_1209-1914_(Clark).xls"}},
	Timestamp = {2017-08-25T10:12:18Z},
	Title = {England\_1209-1914},
	Urldate = {2017-08-25},
	Year = {2006}}

@book{hoffman_priceless_2000,
	Address = {Paris},
	Author = {Hoffman, Philip and Postel-Vinay, Gilles and Rosenthal, Jean-Laurent},
	Timestamp = {2017-08-25T09:32:28Z},
	Title = {Priceless {{Markets}}: {{The Political Economy}} of {{Credit}} in {{Paris}}, 1660-1870},
	Urldate = {2017-08-25},
	Year = {2000}}

@book{jastram_silver_1981,
	Author = {Jastram, Roy W.},
	Publisher = {{John Wiley}},
	Timestamp = {2017-08-25T09:41:38Z},
	Title = {Silver, the {{Restless Metal}}},
	Year = {1981}}

@book{jastram_silver_1981,
	Author = {Eloranta, Jari and Golson, Eric and Hedberg, Peter and Moreira, Maria Cristina},
	Publisher = {{Routledge}},
	Title = {Small and Medium Powers in Global History},
	Year = {2019}}

@book{riley_seven_1986,
	Author = {Riley, J.C.},
	Publisher = {{Princeton University Press}},
	Timestamp = {2017-08-25T09:52:55Z},
	Title = {The {{Seven Years War}} and the {{Old Regime}} in {{France}}},
	Year = {1986}}

@incollection{marzagalli_was_2016,
	Author = {Marzagalli, Silvia},
	Booktitle = {Beyond {{Empires}}: {{Global}}, {{Self}}-{{Organizing}}, {{Cross}}-{{Imperial Networks}}, 1500-1800},
	Editor = {Antunes, C{\'a}tia and Pol{\'o}nia, Am{\'e}lia},
	Pages = {253},
	Timestamp = {2017-08-25T10:14:17Z},
	Title = {Was {{Warfare Necessary}} for the {{Functioning}} of {{Eighteenth}}-{{Century Colonial Systems}}? {{Some Reflections}} on the {{Necessity}} of {{Cross}}-{{Imperial}} and {{Foreign Trade}} in the {{French Case}}},
	Year = {2016}}

@article{morineau_vraie_1997,
	Author = {Morineau, Michel},
	Journal = {Revue fran{\c c}aise d'histoire d'outre-mer},
	Number = {314},
	Pages = {3--24},
	Timestamp = {2017-08-25T10:05:32Z},
	Title = {La Vraie Nature Des Choses et Leur Encha{\^\i}nement Entre La {{France}}, Les {{Antilles}} et l'{{Europe}} ({{XVir}}-{{XIX}}'si{\`e}cle)},
	Volume = {84},
	Year = {1997}}

@article{lespagnol_mondialisation_1997,
	Author = {Lespagnol, Andr{\'e}},
	Journal = {Bulletin de la Soci{\'e}t{\'e} d'Histoire Moderne et Contemporaine},
	Pages = {1--2},
	Timestamp = {2017-08-25T10:05:54Z},
	Title = {Mondialisation Des Trafics Inter-Oc{\'e}aniques et Structures Commerciales Nationales Au {{XVIIIe}} Si{\`e}cle: Contradictions et Compromis},
	Year = {1997}}

@unpublished{jefferson_letter_1823,
	Author = {Jefferson, Thomas},
	Timestamp = {2017-08-25T12:09:16Z},
	Title = {Letter from {{Thomas Jefferson}} to {{James Monroe}}, 11 {{June}} 1823},
	Urldate = {2017-08-25},
	Year = {1823}}

@book{crouzet_guerre_2008,
	Address = {Paris},
	Author = {Crouzet, Fran{\c c}ois},
	File = {Crouzet - 2008 - La guerre {\'e}conomique franco-anglaise ... - Google .html:/Users/guillaumedaudin/Documents/Recherche/Articles Scann{\'e}s/Zotero/storage/226E2UEJ/Crouzet - 2008 - La guerre {\'e}conomique franco-anglaise ... - Google .html:text/html},
	Publisher = {{Fayard}},
	Timestamp = {2017-08-25T12:10:13Z},
	Title = {La Guerre {\'E}conomique Franco-Anglaise Au {\textsc{Xviii}}{\textsuperscript{e}} Si{\`e}cle},
	Urldate = {2009-10-08},
	Year = {2008}}

@book{wallerstein_modern_1980,
	Abstract = {Rq : {\'e}cole Walerstein-Braudel. Il existe Review of the F. Braudel Center},
	Address = {New-York},
	Annote = {The following values have no corresponding Zotero field:Author Address: 5.0. Commerce international et {\'e}conomies non-europ{\'e}ennes : divers},
	Author = {Wallerstein, Immanuel},
	Keywords = {Historique Th{\'e}orique International},
	Publisher = {{Academic Press}},
	Shorttitle = {World System {{II}}},
	Timestamp = {2017-08-25T12:10:55Z},
	Title = {The Modern {{World}} System {{II}} : {{Mercantilism}} and the {{Consolidation}} of the {{European World Economy}} 1600-1750},
	Year = {1980}}

@misc{roser_war_2016,
	Author = {Roser, Max},
	Howpublished = {\url{https://ourworldindata.org/war-and-peace/}},
	Journal = {OurWorldInData},
	Timestamp = {2017-08-25T12:13:44Z},
	Title = {War and {{Peace}}},
	Year = {2016}}

@book{gille_les_1964,
	Author = {Gille, Bertrand},
	File = {Snapshot:/Users/guillaumedaudin/Documents/Recherche/Articles Scann{\'e}s/Zotero/storage/JGI3VQDK/books.html:text/html},
	Publisher = {{Librairie Droz}},
	Timestamp = {2017-12-19T13:05:03Z},
	Title = {Les Sources Statistiques de l'histoire de {{France}}, Des Enqu{\^e}tes Du {{XVIIe}} Si{\`e}cle {\`a} 1870},
	Volume = {1},
	Year = {1964}}

@book{morgenstern_accuracy_1963,
	Author = {Morgenstern, Oskar},
	File = {Snapshot:/Users/guillaumedaudin/Documents/Recherche/Articles Scann{\'e}s/Zotero/storage/87NTJCAN/search.html:text/html},
	Publisher = {{Princeton University Press}},
	Timestamp = {2017-12-19T13:28:43Z},
	Title = {On the Accuracy of Economic Observations},
	Year = {1963}}

@article{rozanski__1994,
	Author = {Rozanski, Jerzy and Yeats, Alexander},
	File = {Snapshot:/Users/guillaumedaudin/Documents/Recherche/Articles Scann{\'e}s/Zotero/storage/BW2GFXQS/0304387894000085.html:text/html},
	Journal = {Journal of Development Economics},
	Number = {1},
	Pages = {103--130},
	Shorttitle = {On the (in) Accuracy of Economic Observations},
	Timestamp = {2017-12-19T13:28:43Z},
	Title = {On the (in) Accuracy of Economic Observations: {{An}} Assessment of Trends in the Reliability of International Trade Statistics},
	Volume = {44},
	Year = {1994}}

@article{escaith_past_2015,
	Author = {Escaith, Hubert},
	File = {Snapshot:/Users/guillaumedaudin/Documents/Recherche/Articles Scann{\'e}s/Zotero/storage/2SM9B5B3/revue-de-l-ofce-2015-4-page-37.html:text/html;Fulltext:/Users/guillaumedaudin/Documents/Recherche/Articles Scann{\'e}s/Zotero/storage/3F9F29XE/revue-de-l-ofce-2015-4-page-37.html:text/html},
	Journal = {Revue de l'OFCE},
	Number = {4},
	Pages = {37--51},
	Timestamp = {2017-12-19T13:43:29Z},
	Title = {Past and Present Issues in Trade Statistics},
	Year = {2015}}

@incollection{charles_cross-checking_2018,
	Author = {Charles, Lo{\"\i}c and Daudin, Guillaume},
	Booktitle = {Early {{Modern Shipping}} and {{Trade}}. {{Novel}} Approaches Using the {{Sound Toll Registers Online}}},
	Collaborator = {Veluwenkamp, Jan Willem and Scheltjens, Werner},
	Timestamp = {2017-12-19T14:02:46Z},
	Title = {Cross-Checking {{STRO}} with the {{French Balance}} Du {{Commerce}} Data},
	Year = {2018}}

@misc{charles_comparing_2016,
	Address = {Cambrigde (United Kingdon)},
	Author = {Charles, Lo{\"\i}c and Coenen, Ann and Daudin, Guillaume},
	Month = apr,
	Timestamp = {2017-12-19T14:13:41Z},
	Title = {Comparing Early Trade Statistics: {{The}} Case of {{Austrian Netherlands}} and {{France}} from 1759 to 1791},
	Year = {2016}}

@article{gobel_sound_2010,
	Author = {G{\o}bel, Erik},
	File = {[PDF] from slaegtsforsker.dk:/Users/guillaumedaudin/Documents/Recherche/Articles Scann{\'e}s/Zotero/storage/N6H4ZQJ4/G{\o}bel - 2010 - The Sound Toll Registers Online Project, 1497-1857.pdf:application/pdf;Snapshot:/Users/guillaumedaudin/Documents/Recherche/Articles Scann{\'e}s/Zotero/storage/4CEZPAZD/advanced.html:text/html},
	Journal = {International Journal of Maritime History},
	Number = {2},
	Timestamp = {2017-12-19T14:56:14Z},
	Title = {The {{Sound Toll Registers Online Project}}, 1497-1857},
	Urldate = {2014-05-19},
	Volume = {22},
	Year = {2010}}

@article{charles_france_2015,
	Author = {Charles, Lo{\"\i}c and Daudin, Guillaume},
	File = {Fulltext:/Users/guillaumedaudin/Documents/Recherche/Articles Scann{\'e}s/Zotero/storage/79SVS348/revue-de-l-ofce-2015-4-page-237.html:text/html;Snapshot:/Users/guillaumedaudin/Documents/Recherche/Articles Scann{\'e}s/Zotero/storage/QD5S5DPB/revue-de-l-ofce-2015-4-page-237.html:text/html},
	Journal = {Revue de l'OFCE},
	Number = {4},
	Pages = {237--248},
	Timestamp = {2017-12-19T15:15:41Z},
	Title = {France, c. 1713-c. 1821},
	Year = {2015}}

@article{weber_hamburg_2015,
	Author = {Weber, Klaus},
	File = {Fulltext:/Users/guillaumedaudin/Documents/Recherche/Articles Scann{\'e}s/Zotero/storage/CZBWMQHX/revue-de-l-ofce-2015-4-page-265.html:text/html;Snapshot:/Users/guillaumedaudin/Documents/Recherche/Articles Scann{\'e}s/Zotero/storage/VU25S73E/revue-de-l-ofce-2015-4-page-265.html:text/html},
	Journal = {Revue de l'OFCE},
	Number = {4},
	Pages = {265--268},
	Timestamp = {2017-12-19T15:17:01Z},
	Title = {Hamburg, 1728-1811},
	Year = {2015}}

@article{pfister_great_2017,
	Author = {Pfister, Ulrich},
	File = {Snapshot:/Users/guillaumedaudin/Documents/Recherche/Articles Scann{\'e}s/Zotero/storage/9KJTTBTG/Pfister - 2012 - Great divergence, consumer revolution and the reor.pdf:application/pdf;Fulltext:/Users/guillaumedaudin/Documents/Recherche/Articles Scann{\'e}s/Zotero/storage/CJZFTW9C/Pfister - 2012 - Great divergence, consumer revolution and the reor.pdf:application/pdf},
	Journal = {Economic History Working Papers},
	Number = {266},
	Shorttitle = {Hamburg's Import Trade},
	Timestamp = {2017-12-20T08:47:12Z},
	Title = {Great Divergence, Consumer Revolution and the Reorganization of Textile Markets: Evidence from {{Hamburg}}'s Import Trade, Eighteenth Century},
	Year = {2017}}

@article{pfister_quantitative_2015,
	Author = {Pfister, Ulrich},
	File = {Fulltext:/Users/guillaumedaudin/Documents/Recherche/Articles Scann{\'e}s/Zotero/storage/JX5ISUMK/revue-de-l-ofce-2015-4-page-175.html:text/html;Snapshot:/Users/guillaumedaudin/Documents/Recherche/Articles Scann{\'e}s/Zotero/storage/ZB7QCU5N/revue-de-l-ofce-2015-4-page-175.html:text/html},
	Journal = {Revue de l'OFCE},
	Number = {4},
	Pages = {175--221},
	Timestamp = {2017-12-20T08:48:57Z},
	Title = {The Quantitative Development of {{Germany}}'s International Trade during the Eighteenth and Early Nineteenth Centuries},
	Year = {2015}}

@article{schnakenbourg_les_2004,
	Abstract = {Parmi les divers trait{\'e}s sign{\'e}s {\`a} l'issue du congr{\`e}s d'Utrecht, s'en trouve un, m{\'e}connu, qui pr{\'e}voit un abaissement r{\'e}ciproque des droits de douane entre la France et l'Angleterre. Les points encore en suspens sont renvoy{\'e}s {\`a} des conf{\'e}rences qui se tiennent {\`a} Londres en 1714. Les commissaires de Louis XIV adoptent en cette occasion une attitude tr{\`e}s ambigu{\"e}, cherchant {\`a} faire {\'e}chouer le trait{\'e} tout en faisant mine de travailler {\`a} son ach{\`e}vement. Finalement, les discussions ne m{\`e}nent {\`a} rien et l'accord reste lettre morte. Ce destin singulier montre comment Louis XIV a su {\'e}viter {\`a} son royaume les cons{\'e}quences d'un trait{\'e} de commerce jug{\'e} in{\'e}quitable, alors m{\^e}me qu'il avait fait de sa conclusion un argument pour obtenir la paix en 1713.},
	Author = {Schnakenbourg, {\'E}ric},
	Copyright = {free},
	Doi = {10.3406/hes.2004.2429},
	File = {Schnakenbourg - 2004 - Les interactions entre commerce et diplomatie au d.pdf:/Users/guillaumedaudin/Documents/Recherche/Articles Scann{\'e}s/Zotero/storage/ESD8GB6R/Schnakenbourg - 2004 - Les interactions entre commerce et diplomatie au d.pdf:application/pdf;Snapshot:/Users/guillaumedaudin/Documents/Recherche/Articles Scann{\'e}s/Zotero/storage/TH2A23TK/hes_0752-5702_2004_num_23_3_2429.html:text/html},
	Journal = {Histoire, {\'e}conomie \& soci{\'e}t{\'e}},
	Language = {fre},
	Number = {3},
	Pages = {349--365},
	Shorttitle = {{Les interactions entre commerce et diplomatie au d{\'e}but du xvme si{\`e}cle}},
	Timestamp = {2017-12-20T15:42:07Z},
	Title = {{Les interactions entre commerce et diplomatie au d{\'e}but du xvme si{\`e}cle : l'exemple du trait{\'e} de commerce franco-anglais de 1713}},
	Urldate = {2017-12-20},
	Volume = {23},
	Year = {2004},
	Bdsk-Url-1 = {https://doi.org/10.3406/hes.2004.2429}}

@book{schneider_statistik_2001,
	Author = {Schneider, J{\"u}rgen and Denzel, Markus A.},
	Publisher = {{Scripta Mercaturae Verlag}},
	Shorttitle = {Statistik Des {{Hamburger}} Seew{\"a}rtigen {{Einfuhrhandels}} Im 18. {{Jahrhundert}}},
	Timestamp = {2017-12-20T17:42:40Z},
	Title = {Statistik Des {{Hamburger}} Seew{\"a}rtigen {{Einfuhrhandels}} Im 18. {{Jahrhundert}}: Nach Den {{Admiralit{\"a}ts}}-Und {{Convoygeld}}-{{Einnahmeb{\"u}chern}}},
	Year = {2001}}

@article{alex_memorandum_1861,
	Author = {Alex, John},
	File = {Snapshot:/Users/guillaumedaudin/Documents/Recherche/Articles Scann{\'e}s/Zotero/storage/JVB3EWBI/2338447.html:text/html},
	Journal = {Journal of the Statistical Society of London},
	Pages = {229--234},
	Timestamp = {2018-01-06T16:16:48Z},
	Title = {Memorandum {{Indicating Some}} of the {{Causes}} to {{Which}} the {{Discordancy}} of the {{Commercial Statistics}} of {{Various Countries}} in {{Chiefly}} to Be {{Attributed}}},
	Year = {1861}}

@book{carriere1973negociants,
	Author = {Carri{\`e}re, Charles},
	Publisher = {Institut historique de Provence},
	Title = {N{\'e}gociants marseillais au XVIIIe si{\`e}cle: contribution {\`a} l'{\'e}tude des {\'e}conomies maritimes},
	Volume = {2},
	Year = {1973}}

@article{griffiths1971american,
	Author = {Griffiths, David M},
	Journal = {The Russian Review},
	Number = {2},
	Pages = {164--172},
	Publisher = {JSTOR},
	Title = {An American Contribution to the Armed Neutrality of 1780},
	Volume = {30},
	Year = {1971}}

@article{rainerdevelopment,
	Author = {Rainer, Follow Following Unfollow Todd},
	Title = {The Development of the Naval Blockade and the Blockade of Brest}}

@book{rodger2005command,
	Author = {Rodger, Nicholas AM},
	Publisher = {WW Norton \& Company},
	Title = {The command of the ocean: a naval history of Britain, 1649-1815},
	Volume = {2},
	Year = {2005}}

@article{charles2011collecte,
	Author = {Charles, Lo{\"\i}c and Daudin, Guillaume},
	Journal = {Revue d'histoire moderne et contemporaine},
	Number = {1},
	Pages = {128--155},
	Publisher = {Belin},
	Title = {La collecte du chiffre au XVIIIe si{\`e}cle: le Bureau de la balance du commerce et la production des donn{\'e}es sur le commerce ext{\'e}rieur de la France},
	Year = {2011}}

@article{ojala2017maritime,
	Author = {Ojala, Jari and Tenold, Stig},
	Journal = {International Journal of Maritime History},
	Number = {4},
	Pages = {838--854},
	Publisher = {SAGE Publications Sage UK: London, England},
	Title = {Maritime trade and merchant shipping: The shipping/trade ratio since the 1870s},
	Volume = {29},
	Year = {2017}}

@article{doyle1997ways,
	Author = {Doyle, Michael W},
	Journal = {Liberalism, \& Socialism WW Norton \& Company, New York/London},
	Title = {Ways of War and Peace: Realism},
	Year = {1997}}

@article{oneal1997classical,
	Author = {Oneal, John R and Russet, Bruce M},
	Journal = {International Studies Quarterly},
	Number = {2},
	Pages = {267--294},
	Publisher = {Wiley Online Library},
	Title = {The classical liberals were right: Democracy, interdependence, and conflict, 1950--1985},
	Volume = {41},
	Year = {1997}}

@article{polachek1980conflict,
	Author = {Polachek, Solomon William},
	Journal = {Journal of conflict resolution},
	Number = {1},
	Pages = {55--78},
	Publisher = {Sage Publications Sage CA: Los Angeles, CA},
	Title = {Conflict and trade},
	Volume = {24},
	Year = {1980}}

@article{barbieri1996economic,
	Author = {Barbieri, Katherine Lisa},
	Title = {Economic interdependence and militarized interstate conflict, 1870-1985.},
	Year = {1996}}

@article{mcmillan1997interdependence,
	Author = {McMillan, Susan M},
	Journal = {Mershon International Studies Review},
	Number = {Supplement\_1},
	Pages = {33--58},
	Publisher = {Blackwell Publishing Ltd Oxford, UK},
	Title = {Interdependence and conflict},
	Volume = {41},
	Year = {1997}}

@misc{levy1989causes,
	Author = {Levy, Jack S},
	Publisher = {New York, Oxford University Press},
	Title = {The Causes of War: A Review of Theories and Evidence. Behavior, Society, and Nuclear War. P. Tetlock, JL Husbands, R. Jervis, PC Stern and C. Tilly},
	Year = {1989}}

@article{buzan1984economic,
	Author = {Buzan, Barry},
	Journal = {International Organization},
	Number = {4},
	Pages = {597--624},
	Publisher = {Cambridge University Press},
	Title = {Economic structure and international security: The limits of the liberal case},
	Volume = {38},
	Year = {1984}}

@article{ripsman1996commercial,
	Author = {Ripsman, Norrin M and Blanchard, Jean-Marc F},
	Journal = {Security Studies},
	Number = {2},
	Pages = {4--50},
	Publisher = {Taylor \& Francis},
	Title = {Commercial liberalism under fire: Evidence from 1914 and 1936},
	Volume = {6},
	Year = {1996}}

@article{charles2018cross,
	Author = {Charles, Lo{\"\i}c and Daudin, Guillaume},
	Title = {Cross-checking the Sound database with the French Balance du commerce data},
	Year = {2018}}
