
@book{1814,
  title = {{Comptes rendus par les ministres...1816}},
  year = {1814},
  publisher = {{Imprimerie royale}},
  address = {{Paris}},
  langid = {fre},
  lccn = {Tolbiac - Rez de Jardin - Philosophie, histoire, sciences de l'homme - Magasin - 4-LF156-26},
  nationality = {FR},
  keywords = {Budget -- France (1789-....),Budget – France (1789-....),France -- Crédits budgétaires et dépenses (1789-....),France – Crédits budgétaires et dépenses (1789-....)},
  annotation = {in-4. De 1819 \`a 1833 le compte rendu de chaque minist\`ere comporte une pagination propre et un titre s\'epar\'e.}
}

@book{1817,
  title = {{Comptes rendus par les Ministres pour l'ann\'ee 1816}},
  year = {1817},
  publisher = {{Imprimerie Royale}},
  langid = {french}
}

@book{1818,
  title = {{Compte rendu par le ministre secr\'etaire d'\'Etat des finances, pour l'ann\'ee 1817... [-1824]}},
  year = {1818},
  publisher = {{Imprimerie royale}},
  address = {{Paris}},
  issn = {2610-0665},
  langid = {fre},
  lccn = {Tolbiac - Rez de Jardin - Philosophie, histoire, sciences de l'homme - Magasin - 4-LF158-34},
  nationality = {FR},
  annotation = {in-4.}
}

@book{1826,
  title = {{Compte g\'en\'eral de l'administration des finances, rendu pour l'ann\'ee 1825 [-1826] par le ministre secr\'etaire d'\'Etat des finances}},
  year = {1826},
  publisher = {{Imprimerie royale}},
  address = {{Paris}},
  issn = {2610-0967},
  langid = {fre},
  lccn = {Tolbiac - Rez de Jardin - Philosophie, histoire, sciences de l'homme - Magasin - 4-LF158-35},
  nationality = {FR},
  annotation = {in-4 (30-31 cm). De l'ann\'ee 1837 \`a l'ann\'ee 1841 (publ. 1838-1842) para\^it en 2 parties : "Ire partie, Recettes et d\'epenses des budgets, op\'erations de tr\'esorerie et services sp\'eciaux" ; "IIe partie, D\'eveloppements sur les contributions et revenus publics de l'exercice [pr\'ec\'edent.}
}

@book{Acerra1997,
  title = {L'essor Des Marines de Guerres Europ\'eennes Vers 1680, Vers 1790},
  author = {Acerra, Martine and Zysberg, Andr{\'e}},
  year = {1997},
  publisher = {{FeniXX}},
  file = {/Users/guillaumedaudin/Zotero/storage/GQHZITP7/books.html}
}

@article{Alex1861,
  title = {Memorandum {{Indicating Some}} of the {{Causes}} to {{Which}} the {{Discordancy}} of the {{Commercial Statistics}} of {{Various Countries}} in {{Chiefly}} to Be {{Attributed}}},
  author = {Alex, John},
  year = {1861},
  journal = {Journal of the Statistical Society of London},
  pages = {229--234},
  file = {/Users/guillaumedaudin/Zotero/storage/JVB3EWBI/2338447.html}
}

@article{Anderton2001,
  title = {The Impact of War on Trade: {{An}} Interrupted Times-Series Study},
  author = {Anderton, Charles H and Carter, John R},
  year = {2001},
  journal = {Journal of Peace Research},
  volume = {38},
  number = {4},
  pages = {445--457}
}

@inbook{Ashton1960,
  title = {Introduction to {{English}} Overseas Trade Statistics 1697-1808, by {{E}}. {{B}}. {{Schumpeter}}},
  author = {Ashton, Thomas Southcliffe},
  year = {1960},
  publisher = {{Clarendon Press}},
  address = {{Oxford}},
  collaborator = {Schumpeter, Elizabeth Boody},
  file = {/Users/guillaumedaudin/Zotero/storage/NXQL64BA/399113.html}
}

@article{Aube1882,
  title = {La Guerre Maritime et Les Ports Militaires de La {{France}}},
  author = {Aube, Th{\'e}ophile},
  year = {1882},
  journal = {Revue des Deux Mondes (1829-1971)},
  volume = {50},
  number = {2},
  pages = {314--346},
  publisher = {{JSTOR}},
  file = {/Users/guillaumedaudin/Zotero/storage/AKCGPUMM/44752543.html;/Users/guillaumedaudin/Zotero/storage/BL8JR22P/44752543.html}
}

@inbook{Aumont2016,
  title = {La Guerre de Course Fran\c{c}aise En {{Atlantique}} Sous {{Louis XV}} et {{Louis XVI}} (1744-1783)},
  booktitle = {Histoire Des Pirates et Des Corsaires de l'{{Antiquit\'e}} \`a Nos Jours},
  author = {Aumont, Michel},
  year = {2016},
  pages = {285--299},
  publisher = {{CNRS\, \'Editions}},
  address = {{Paris}},
  collaborator = {Buti, Gilbert and Hrod{\u e}j, Philippe}
}

@inbook{Aumont2016a,
  title = {La Guerre de Course Fran\c{c}aise En {{Atlantique}} Sous La {{R\'epublique}} et Le {{Premier Empire}} (1793-1815)},
  booktitle = {Histoire Des Pirates et Des Corsaires de l'{{Antiquit\'e}} \`a Nos Jours},
  author = {Aumont, Michel},
  year = {2016},
  pages = {301--311},
  publisher = {{CNRS\, \'Editions}},
  address = {{Paris}},
  collaborator = {Buti, Gilbert and Hrod{\u e}j, Philippe}
}

@article{Baier2007,
  title = {Do Free Trade Agreements Actually Increase Members' International Trade?},
  author = {Baier, Scott L and Bergstrand, Jeffrey H},
  year = {2007},
  journal = {Journal of international Economics},
  volume = {71},
  number = {1},
  pages = {72--95}
}

@article{Barbieri1999,
  title = {Sleeping with the Enemy: {{The}} Impact of War on Trade},
  author = {Barbieri, Katherine and Levy, Jack S},
  year = {1999},
  journal = {Journal of Peace Research},
  volume = {36},
  number = {4},
  pages = {463--479}
}

@book{Baugh1965,
  title = {British {{Naval Administration}} in the {{Age}} of {{Walpole}}},
  author = {Baugh, Daniel},
  year = {1965},
  publisher = {{Princeton University Press}},
  address = {{Princeton}}
}

@unpublished{Benjamin2009,
  title = {Golden {{Harvest}}: {{The British Naval Prize System}}, 1793-1815},
  author = {Benjamin, Daniel K},
  year = {2009}
}

@article{Blomberg2006,
  title = {How Much Does Violence Tax Trade?},
  author = {Blomberg, S Brock and Hess, Gregory D},
  year = {2006},
  journal = {The Review of Economics and Statistics},
  volume = {88},
  number = {4},
  pages = {599--612}
}

@article{Blomberg2006a,
  title = {On the Conflict--Poverty Nexus},
  author = {Blomberg, S Brock and Hess, Gregory D and Thacker, Siddharth},
  year = {2006},
  journal = {Economics \& Politics},
  volume = {18},
  number = {3},
  pages = {237--267}
}

@article{Blomberg2006b,
  title = {On the {{Conflict}}\textendash{{Poverty Nexus}}},
  author = {Blomberg, S Brock and Hess, Gregory D and Thacker, Siddharth},
  year = {2006},
  journal = {Economics \& Politics},
  volume = {18},
  number = {3},
  pages = {237--267}
}

@book{Branda2007,
  title = {Le Prix de La Gloire: {{Napol\'eon}} et l'argent},
  shorttitle = {Le Prix de La Gloire},
  author = {Branda, Pierre},
  year = {2007},
  publisher = {{Fayard}},
  file = {/Users/guillaumedaudin/Zotero/storage/IP99RRT3/books.html}
}

@book{Brauer2009,
  title = {{Castles, Battles, and Bombs: How Economics Explains Military History}},
  shorttitle = {{Castles, Battles, and Bombs}},
  author = {Brauer, Jurgen and van Tuyll, Hubert},
  year = {2009},
  month = sep,
  publisher = {{University of Chicago Press}},
  address = {{Chicago}},
  abstract = {Castles, Battles, and Bombs reconsiders key episodes of military history from the point of view of economics\textemdash with dramatically insightful results. For example, when looked at as a question of sheer cost, the building of castles in the High Middle Ages seems almost inevitable: though stunningly expensive, a strong castle was far cheaper to maintain than a standing army. The authors also reexamine the strategic bombing of Germany in World War II and provide new insights into France's decision to develop nuclear weapons. Drawing on these examples and more, Brauer and Van Tuyll suggest lessons for today's military, from counterterrorist strategy and military manpower planning to the use of private military companies in Afghanistan and Iraq.   "In bringing economics into assessments of military history, [the authors] also bring illumination. . . . [The authors] turn their interdisciplinary lens on the mercenary arrangements of Renaissance Italy; the wars of Marlborough, Frederick the Great, and Napoleon; Grant's campaigns in the Civil War; and the strategic bombings of World War II. The results are invariably stimulating."\textemdash Martin Walker, Wilson Quarterly   "This study is serious, creative, important. As an economist I am happy to see economics so professionally applied to illuminate major decisions in the history of warfare."\textemdash Thomas C. Schelling, Winner of the 2005 Nobel Prize in Economics},
  isbn = {978-0-226-07164-0},
  langid = {Anglais}
}

@book{Brewer2002,
  title = {The {{Sinews}} of {{Power}} : {{War}}, {{Money}} and the {{English State}} 1688-1783},
  shorttitle = {The {{Sinews}} of {{Power}}},
  author = {Brewer, John},
  year = {2002},
  month = sep,
  publisher = {{Routledge}},
  doi = {10.4324/9780203193167},
  abstract = {First published in 1989. Routledge is an imprint of Taylor \& Francis, an informa company.},
  isbn = {978-0-203-19316-7},
  langid = {english},
  file = {/Users/guillaumedaudin/Zotero/storage/7NC85DRT/9780203193167.html}
}

@book{Butel1973,
  title = {La Croissance Commerciale Bordelaise Dans La Seconde Moiti\'e Du {{XVIIIe}} Si\`ecle},
  author = {Butel, Paul},
  year = {1973},
  publisher = {{[Lille, France]: Service de reproduction des th\`eses, Universit\'e de Lille III}}
}

@article{Buzan1984,
  title = {Economic Structure and International Security: {{The}} Limits of the Liberal Case},
  shorttitle = {Economic Structure and International Security},
  author = {Buzan, Barry},
  year = {1984},
  journal = {International Organization},
  volume = {38},
  number = {4},
  pages = {597--624},
  file = {/Users/guillaumedaudin/Zotero/storage/LWY3ER4W/D0E8237975E196BA77CA4208DF193853.html;/Users/guillaumedaudin/Zotero/storage/VFE2H9BK/psl.html}
}

@article{Cancian2020,
  title = {Unleash the {{Privateers}}!},
  author = {Cancian, Mark and Schwartz, Brandon},
  year = {2020},
  month = apr,
  journal = {Proceedings U.S. Naval Institute},
  volume = {146},
  number = {4},
  abstract = {The threat of privateers to China's maritime economy could strengthen deterrence and possibly prevent a war.},
  langid = {english},
  file = {/Users/guillaumedaudin/Zotero/storage/VYIDABE6/unleash-privateers.html}
}

@book{Carriere1973,
  title = {N\'egociants Marseillais Au {{XVIIIe}} Si\`ecle},
  shorttitle = {N\'egociants Marseillais},
  author = {Carri{\`e}re, Charles},
  year = {1973},
  publisher = {{Institut historique de Provence}},
  address = {{Marseille}},
  keywords = {Historique Empirique Commerce International}
}

@article{Chang2020,
  title = {Insecure {{Resources}}, {{Bilateral Trade}}, and {{Endogenous Predation}}: {{A Game-Theoretic Analysis}} of {{Conflict}} and {{Trade}}},
  author = {Chang, Yang-Ming and Wu, Shih-Jye},
  year = {2020},
  journal = {Southern Economic Journal},
  volume = {86},
  number = {4},
  pages = {1338--1371},
  publisher = {{Wiley Online Library}}
}

@article{Charles2011,
  title = {{La collecte du chiffre au XVIIIe si\`ecle : le Bureau de la balance du commerce et la production des donn\'ees sur le commerce ext\'erieur de la France}},
  shorttitle = {{La collecte du chiffre au XVIIIe si\`ecle}},
  author = {Charles, Lo{\"i}c and Daudin, Guillaume},
  year = {2011},
  month = may,
  journal = {Revue d'histoire moderne et contemporaine},
  number = {58-1},
  pages = {128--155},
  issn = {0048-8003},
  doi = {10.3917/rhmc.581.0128},
  abstract = {Le Bureau de la balance du commerce a exist\'e entre~1713~et~1791. Cet article exploite des fonds d'archives m\'econnus, pr\'esents \`a Amsterdam, Paris et dans le Delaware, pour \'etudier comment il collectait les donn\'ees commerciales fran\c{c}aises, au travers de nombreux changements institutionnels. La premi\`ere partie examine l'\'evolution de la structure administrative du Bureau de la balance du commerce. Deux p\'eriodes bien distinctes existent~: le \guillemotleft ~premier Bureau~\guillemotright{} de~1713~\`a~1783~et le \guillemotleft ~nouveau Bureau~\guillemotright{} de~1783~\`a~1791. Sous divers avatars, le Bureau est ballot\'e entre la Ferme g\'en\'erale, l'administration du commerce et la Marine. Le premier Bureau est une petite structure peu co\^uteuse~; le second l'est beaucoup plus. Il est aussi plus prestigieux. La seconde partie \'etudie la mani\`ere dont le Bureau collectait les chiffres du commerce ext\'erieur. Les employ\'es de la Ferme g\'en\'erale ont toujours \'et\'e la source des chiffres du volume du commerce. Le premier Bureau obtenait les prix essentiellement des chambres de commerce~; le second Bureau les obtenait de la Ferme. Les prix utilis\'es semblent avoir suivi l'\'evolution des vrais prix. Les Bureaux ont toujours consid\'er\'e l'Alsace, la Lorraine et Trois \'Ev\^ech\'es comme \'etant des pays \'etrangers pour le commerce de la France. Les documents de synth\`ese produits \`a partir de~1749~sont assez homog\`enes. Les pratiques de collecte et de traitement des donn\'ees \'economiques n'a donc pas connu d'alt\'eration majeure au cours du si\`ecle. Il semble donc possible de traiter les donn\'ees du premier et du second Bureau comme une s\'erie coh\'erente. ?, The Bureau de la balance du commerce existed from~1713~to~1791. This paper uses little-known archival sources in Amsterdam, Paris and in Delaware to study the way it collected French external trade data in the midst of numerous institutional changes. The first part examines the evolution of the administrative structure and context of the Bureau. Two periods can be distinguished~: the ``first Bureau'' from~1713~to~1783~and the ``new Bureau'' from 1783~to~1791. Under diverse administrative arrangements, the Bureau was under the influence of the Ferme g\'en\'erale, the board of trade and the Maritime Secretary. The first Bureau was a small unit that did not cost much. The second Bureau was much more onerous~: its costs climbed up to~100,000~livres per year, and as many as fourteen employees worked there. It was also more prestigious. The second part examines how the Bureau collected data on French external trade. The employees of the Ferme g\'en\'erale were always the source for trade data in volume. The chambers of commerce provided the first Bureau with prices. The Ferme g\'en\'erale provided the second Bureau with prices. These prices seem to have followed the general evolution of actual prices. The Bureaux have always treated Alsace, Lorraine and the Trois \'Ev\'ech\'es as foreign countries in regard to French trade. The summary documents produced from~1749~onward are comparable. The way the Bureau collected and transformed economic data was not transformed dramatically throughout the century. Hence, as a first approximation, it is possible to use the data it produced as a coherent basis for the study of French external trade. ?},
  langid = {french},
  keywords = {balance du commerce,commerce extérieur,France,histoire administrative,histoire économique,statistique économique,XVIIIe siècle},
  file = {/Users/guillaumedaudin/Zotero/storage/2DIMF472/revue-d-histoire-moderne-et-contemporaine-2011-1-page-128.html}
}

@article{Charles2015,
  title = {Eighteenth-Century International {{Trade}} Statistics},
  author = {Charles, Lo{\"i}c and Daudin, Guillaume},
  year = {2015},
  journal = {Revue de l'OFCE},
  number = {4},
  pages = {7--36}
}

@article{Charles2015a,
  title = {France, c. 1713-c. 1821},
  author = {Charles, Lo{\"i}c and Daudin, Guillaume},
  year = {2015},
  journal = {Revue de l'OFCE},
  number = {4},
  pages = {237--248},
  file = {/Users/guillaumedaudin/Zotero/storage/79SVS348/revue-de-l-ofce-2015-4-page-237.html;/Users/guillaumedaudin/Zotero/storage/QD5S5DPB/revue-de-l-ofce-2015-4-page-237.html}
}

@misc{Charles2016,
  title = {Comparing Early Trade Statistics: {{The}} Case of {{Austrian Netherlands}} and {{France}} from 1759 to 1791},
  author = {Charles, Lo{\"i}c and Coenen, Ann and Daudin, Guillaume},
  year = {2016},
  month = apr,
  address = {{Cambrigde (United Kingdon)}}
}

@book{Charles2016a,
  title = {Comparing {{Early Trade Statistics}}: {{The Case}} of {{Austrian Netherlands}} and {{France}} from 1759 to 1791},
  author = {Charles, Lo{\"i}c and Coenen, Ann and Daudin, Guillaume},
  year = {2016},
  month = apr,
  address = {{Cambrigde (United Kingdon)}}
}

@inbook{Charles2018,
  title = {Cross-Checking {{STRO}} with the {{French Balance}} Du {{Commerce}} Data},
  booktitle = {Early {{Modern Shipping}} and {{Trade}}. {{Novel}} Approaches Using the {{Sound Toll Registers Online}}},
  author = {Charles, Lo{\"i}c and Daudin, Guillaume},
  year = {2018},
  collaborator = {Veluwenkamp, Jan Willem and Scheltjens, Werner}
}

@inbook{Charles2021,
  title = {In the {{Epicentre}} of the {{Storm}}? {{The}} Effects of the {{Revolution}} and {{Warfare}} on the {{French}} Economy, 1789-1815},
  booktitle = {The {{Crucible}} of {{Revolutionary Warfare}} and {{European Transitions}} to {{Modern Economic Growth}}},
  author = {Charles, Lo{\"i}c and Daudin, Guillaume and Marzagalli, Silvia},
  year = {2021},
  publisher = {{Brill}},
  collaborator = {O'Brien, Patrick Karl}
}

@misc{Clark2006,
  title = {England Prices and Wages since 13th},
  author = {Clark, Greg},
  year = {2006},
  howpublished = {http://gpih.ucdavis.edu/files/England\_1209-1914\_(Clark).xls}
}

@article{Conti2017,
  title = {Mercantilist {{Warfare}}},
  author = {Conti, Thomas Victor},
  year = {2017},
  journal = {Quaderno Sism},
  volume = {Economic Warfare. Storia dell'Arma Economica}
}

@book{Corbett2004,
  title = {Principles of {{Maritime Strategy}}},
  author = {Corbett, Julian S.},
  year = {2004 (1911)},
  publisher = {{Courier Corporation}},
  abstract = {This brilliant exposition established British naval historian Julian Corbett (1854\textendash 1922) as one of the great maritime strategists. Corbett placed naval warfare within the larger framework of human conflict, proposing that the key to maritime dominance lies in effective use of sea lines for communications and in denying that use to the enemy. His concept \textemdash{} which regarded naval strategy not as an end in itself but as a means to an end, with that end defined by national strategy \textemdash{} makes this a work of enduring value.Principles of Maritime Strategy emphasizes precise definitions of terminology and ideas as the antidote to loose and purposeless discussion and the direct path to the fundamental data on which all are agreed. As Corbett notes in the Introduction, \&quot;In this way we prepare the apparatus of practical discussion; we secure the means of arranging the factors in manageable shape, and of deducing from them with precision and rapidity a practical course of action. Without such apparatus no two men can even think on the same line; much less can they ever hope to detach the real point of difference that divides them and isolate it for quiet solution.\&quot;Much quoted and referenced, this ever-relevant work is an indispensable resource for military professionals, historians, and students.},
  googlebooks = {EqyUk7sXJF0C},
  isbn = {978-0-486-14133-6},
  langid = {english},
  keywords = {History / Military / Naval,History / Military / Strategy}
}

@book{Crouzet2008,
  title = {La Guerre \'Economique Franco-Anglaise Au {\textsc{Xviii}}{\textsuperscript{e}} Si\`ecle},
  author = {Crouzet, Fran{\c c}ois},
  year = {2008},
  publisher = {{Fayard}},
  address = {{Paris}},
  file = {/Users/guillaumedaudin/Zotero/storage/226E2UEJ/Crouzet - 2008 - La guerre économique franco-anglaise ... - Google .html}
}

@book{Crouzet2008a,
  title = {La {{Guerre \'Economique Franco-Anglaise Au}} {{{\textsc{Xviii}}}}\textbackslash textsuperscripte {{Si\`ecle}}},
  author = {Crouzet, Fran{\c c}ois},
  year = {2008},
  publisher = {{Fayard}},
  address = {{Paris}}
}

@book{Crowhurst1989,
  title = {The {{French}} War on Trade: Privateering, 1793-1815},
  shorttitle = {The {{French}} War on Trade},
  author = {Crowhurst, Patrick},
  year = {1989},
  publisher = {{Scolar Press}},
  address = {{London}}
}

@article{Cuenca-Esteban2014,
  title = {British ``{{Ghost}}'' {{Exports}}, {{American Middlemen}}, and the {{Trade}} to {{Spanish America}}, 1790\textendash 1819: {{A Speculative Reconstruction}}},
  shorttitle = {British ``{{Ghost}}'' {{Exports}}, {{American Middlemen}}, and the {{Trade}} to {{Spanish America}}, 1790\textendash 1819},
  author = {{Cuenca-Esteban}, Javier},
  year = {2014},
  journal = {William \& Mary Quarterly},
  volume = {71},
  number = {1},
  pages = {63--98},
  publisher = {{JSTOR}},
  file = {/Users/guillaumedaudin/Zotero/storage/CPMPW2VV/willmaryquar.71.1.html}
}

@book{Daudin2005,
  title = {Commerce et Prosp\'erit\'e: La {{France}} Au {{XVIIIe}} Si\`ecle},
  shorttitle = {Commerce et Prosp\'erit\'e},
  author = {Daudin, Guillaume},
  year = {2005},
  publisher = {{Presses Universitaires de Paris Sorbonne}},
  file = {/Users/guillaumedaudin/Zotero/storage/JI53WXC8/books.html}
}

@article{Daudin2010,
  title = {Domestic Trade and Market Size in Late-Eighteenth-Century {{France}}},
  author = {Daudin, Guillaume},
  year = {2010},
  journal = {The Journal of Economic History},
  volume = {70},
  number = {03},
  pages = {716--743}
}

@misc{Daudin2020,
  title = {{{TOFLIT18}} Database},
  author = {Daudin, Guillaume and Charles, Lo{\"i}c and Girard, Paul},
  year = {2020},
  howpublished = {https://toflit18.hypotheses.org}
}

@book{Daudin2020a,
  title = {{{TOFLIT18 Database}}},
  author = {Daudin, Guillaume and Charles, Lo{\"i}c and Girard, Paul},
  year = {2020}
}

@book{Davis2006,
  title = {Naval Blockades in Peace and War: An Economic History since 1750},
  shorttitle = {Naval Blockades in Peace and War},
  author = {Davis, Lance E. and Engerman, Stanley L.},
  year = {2006},
  publisher = {{Cambridge University Press}},
  file = {/Users/guillaumedaudin/Zotero/storage/TYPS6NG6/books.html}
}

@book{Deane1969,
  title = {British {{Economic Growth}} 1688-1959 : {{Trends}} and {{Structure}}},
  shorttitle = {British {{Economic Growth}} 1688-1959 : {{Trends}} and {{Structure}}},
  author = {Deane, Phyllis and Cole, W.A.},
  year = {1969},
  edition = {Second},
  publisher = {{Cambridge University Press}},
  address = {{Cambridge}},
  keywords = {Historique Théorique Étranger Industrie Agriculture}
}

@article{Dedinger2017,
  title = {Exploring Trade Globalization in the Long Run: {{The RICardo}} Project - {{Google Scholar}}},
  author = {Dedinger, B{\'e}atrice and Girard, Paul},
  year = {2017},
  journal = {Historical Methods: A Journal of Quantitative and Interdisciplinary History},
  volume = {50},
  number = {1},
  pages = {30--48},
  doi = {10.1080/01615440.2016.1220269}
}

@book{deWailly1857,
  title = {M\'emoire Sur Les Variations de La Livre Trounois Depuis Le R\`egne de {{Saint Louis}} Jusqu' \`a l'\'etablissement de La Monnaie D\'ecimale},
  author = {{de Wailly}, Natalis},
  year = {1857},
  volume = {2},
  publisher = {{M\'emoires de l'Institut national de France, Acad\'emie des inscriptions et belles lettres}},
  address = {{Paris}},
  abstract = {M\'emoires de l'Institut national de France.}
}

@book{deWailly1857a,
  title = {M\'emoire {{Sur Les Variations}} de {{La Livre Trounois Depuis Le R\`egne}} de {{Saint Louis Jusqu}}' \`a l'\'etablissement de {{La Monnaie D\'ecimale}}},
  author = {{de Wailly}, Natalis},
  year = {1857},
  volume = {2},
  publisher = {{M\'emoires de l'Institut national de France, Acad\'emie des inscriptions et belles lettres}},
  address = {{Paris}},
  abstract = {M\'emoires de l'Institut national de France.}
}

@inbook{DiRe2016,
  title = {La Guerre de Course Britannique (1777-1815)},
  booktitle = {Histoire Des Pirates et Des Corsaires de l'{{Antiquit\'e}} \`a Nos Jours},
  author = {Di R{\'e}, Andr{\'e}},
  year = {2016},
  pages = {269--284},
  publisher = {{CNRS\, \'Editions}},
  address = {{Paris}},
  collaborator = {Buti, Gilbert and Hrod{\u e}j, Philippe}
}

@book{Doyle1997,
  title = {Ways of War and Peace: Realism, Liberalism, and Socialism},
  author = {Doyle, Michael W.},
  year = {1997},
  publisher = {{W. W. Norton \& Co}},
  address = {{New-York and London}},
  file = {/Users/guillaumedaudin/Zotero/storage/7RE7FU7N/DOYWOW.html}
}

@book{Ducoin1993,
  title = {Naufrages de Navigation et Assurances Dans La Marine de Commerce Du {{XVIIIe}} Si\`ecle: Le Cas de {{Nantes}} et de Son Commerce Colonial Avec Les Iles d'{{Am\'erique}}},
  shorttitle = {Naufrages de Navigation et Assurances Dans La Marine de Commerce Du {{XVIIIe}} Si\`ecle},
  author = {Ducoin, Jacques},
  year = {1993},
  volume = {702},
  publisher = {{Libraire de L'Inde \'Editeur}}
}

@book{Dull1975,
  title = {The {{French Navy}} and {{American Independence}}. {{A}} Study of {{Arms}} and {{Diplomacy}}, 1774\textendash 1787},
  author = {Dull, Jonathan R},
  year = {1975},
  file = {/Users/guillaumedaudin/Zotero/storage/5JTZUV6G/ploneimport3_mods_00014045.html}
}

@book{Dull1975a,
  title = {The {{French Navy}} and {{American Independence}}. {{A Study}} of {{Arms}} and {{Diplomacy}}, 1774\textendash{} 1787},
  author = {Dull, Jonathan R},
  year = {1975}
}

@article{Eloranta2011,
  title = {{{HOLLOW VICTORY}}? {{BRITAIN}}'{{S PUBLIC DEBT AND THE SEVEN YEARS}}'{{WAR}}},
  shorttitle = {{{HOLLOW VICTORY}}?},
  author = {Eloranta, Jari and Land, Jeremy},
  year = {2011},
  journal = {Essays in Economic \& Business History},
  volume = {29},
  number = {1},
  pages = {101--118},
  file = {/Users/guillaumedaudin/Zotero/storage/LNDSPHM4/Eloranta et Land - 2011 - HOLLOW VICTORY BRITAIN’S PUBLIC DEBT AND THE SEVE.pdf;/Users/guillaumedaudin/Zotero/storage/YQNRCJ9Y/215.html}
}

@article{Escaith2015,
  title = {Past and Present Issues in Trade Statistics},
  author = {Escaith, Hubert},
  year = {2015},
  journal = {Revue de l'OFCE},
  number = {4},
  pages = {37--51},
  file = {/Users/guillaumedaudin/Zotero/storage/2SM9B5B3/revue-de-l-ofce-2015-4-page-37.html;/Users/guillaumedaudin/Zotero/storage/3F9F29XE/revue-de-l-ofce-2015-4-page-37.html}
}

@article{Farr2016,
  title = {The {{Merchant Republics}}: {{Amsterdam}}, {{Antwerp}}, and {{Hamburg}}, 1648--1790, by {{Mary Lindemann}}},
  author = {Farr, James R},
  year = {2016}
}

@article{Farr2016a,
  title = {The {{Merchant Republics}}: {{Amsterdam}}, {{Antwerp}}, and {{Hamburg}}, 1648\textendash 1790, by {{Mary Lindemann}}},
  author = {Farr, James R},
  year = {2016}
}

@article{Federico2016,
  title = {World Trade, 1800-1938: A New Data-Set},
  author = {Federico, Giovanni and {Tena-Junguito}, Antonio},
  year = {2016},
  journal = {EHES Working Papers in Economic History},
  number = {93},
  pages = {300}
}

@article{Feldman2020,
  title = {Naval {{Power}} and {{Effects}} of {{Third-Party Trade}} on {{Conflict}}},
  author = {Feldman, Nizan and Eiran, Ehud and Rubin, Aviad},
  year = {2020},
  journal = {Journal of Conflict Resolution},
  pages = {0022002720958180},
  publisher = {{SAGE Publications Sage CA: Los Angeles, CA}}
}

@book{Findlay2009,
  title = {Power and Plenty: Trade, War, and the World Economy in the Second Millennium},
  shorttitle = {Power and Plenty},
  author = {Findlay, Ronald and O'Rourke, Kevin H.},
  year = {2009},
  volume = {30},
  publisher = {{Princeton University Press}},
  file = {/Users/guillaumedaudin/Zotero/storage/9BBDP98H/Findlay and O'rourke - 2009 - Power and plenty trade, war, and the world econom.pdf;/Users/guillaumedaudin/Zotero/storage/AEYPRZA2/books.html}
}

@book{Gille1964,
  title = {Les Sources Statistiques de l'histoire de {{France}}, Des Enqu\^etes Du {{XVIIe}} Si\`ecle \`a 1870},
  author = {Gille, Bertrand},
  year = {1964},
  volume = {1},
  publisher = {{Librairie Droz}},
  file = {/Users/guillaumedaudin/Zotero/storage/JGI3VQDK/books.html}
}

@article{Glaser2016,
  title = {Ex {{Tridenti Mercatus}}? {{Sea-power}} and Maritime Trade in the Age of Globalization},
  author = {Glaser, Darrell J and Rahman, Ahmed S},
  year = {2016},
  journal = {Journal of International Economics},
  volume = {100},
  pages = {95--111}
}

@article{Glick2010,
  title = {Collateral Damage: {{Trade}} Disruption and the Economic Impact of War},
  author = {Glick, Reuven and Taylor, Alan M},
  year = {2010},
  journal = {The Review of Economics and Statistics},
  volume = {92},
  number = {1},
  pages = {102--127}
}

@article{Gobel2010,
  title = {The {{Sound Toll Registers Online Project}}, 1497-1857},
  author = {G{\o}bel, Erik},
  year = {2010},
  journal = {International Journal of Maritime History},
  volume = {22},
  number = {2},
  file = {/Users/guillaumedaudin/Zotero/storage/N6H4ZQJ4/Gøbel - 2010 - The Sound Toll Registers Online Project, 1497-1857.pdf;/Users/guillaumedaudin/Zotero/storage/4CEZPAZD/advanced.html}
}

@article{Goenner2011,
  title = {Simultaneity between Trade and Conflict: {{Endogenous}} Instruments of Mass Destruction},
  author = {Goenner, Cullen F},
  year = {2011},
  journal = {Conflict Management and Peace Science},
  volume = {28},
  number = {5},
  pages = {459--477},
  publisher = {{Sage Publications Sage UK: London, England}}
}

@article{Griffiths1971,
  title = {An {{American Contribution}} to the {{Armed Neutrality}} of 1780},
  author = {Griffiths, David M.},
  year = {1971},
  journal = {The Russian Review},
  volume = {30},
  number = {2},
  pages = {164--172},
  file = {/Users/guillaumedaudin/Zotero/storage/9CIS8EWA/127896.html;/Users/guillaumedaudin/Zotero/storage/V4NHY6TW/127896.html}
}

@article{Hedberg2015,
  title = {Neutral Trade in Time of War: {{The}} Case of {{Sweden}}, 1838\textendash 1960},
  shorttitle = {Neutral Trade in Time of War},
  author = {Hedberg, Peter and Karlsson, Lars},
  year = {2015},
  month = feb,
  journal = {International Journal of Maritime History},
  volume = {27},
  number = {1},
  pages = {61--78},
  issn = {0843-8714, 2052-7756},
  doi = {10.1177/0843871414567077},
  langid = {english}
}

@article{Hegre2010,
  title = {Trade Does Promote Peace: {{New}} Simultaneous Estimates of the Reciprocal Effects of Trade and Conflict},
  author = {Hegre, H{\textbackslash}aavard and Oneal, John R and Russett, Bruce},
  year = {2010},
  journal = {Journal of Peace Research},
  volume = {47},
  number = {6},
  pages = {763--774},
  publisher = {{Sage Publications Sage UK: London, England}}
}

@book{Hill1998,
  title = {The {{Prizes}} of {{War}}: {{Prize Law}} and the {{Royal Navy}} in the {{Napoleonic Wars}}, 1793-1815},
  shorttitle = {The {{Prizes}} of {{War}}},
  author = {Hill, John Richard},
  year = {1998},
  publisher = {{Sutton}}
}

@article{Hillmann2011,
  title = {Overseas {{Trade}} and the {{Decline}} of {{Privateering}}},
  author = {Hillmann, Henning and Gathmann, Christina},
  year = {2011},
  month = sep,
  journal = {The Journal of Economic History},
  volume = {71},
  number = {3},
  pages = {730--761},
  issn = {0022-0507, 1471-6372},
  doi = {10.1017/S0022050711001902},
  langid = {english}
}

@book{Hoffman2000,
  title = {Priceless {{Markets}}: {{The Political Economy}} of {{Credit}} in {{Paris}}, 1660-1870},
  author = {Hoffman, Philip and {Postel-Vinay}, Gilles and Rosenthal, Jean-Laurent},
  year = {2000},
  address = {{Paris}}
}

@article{Hueckel1973,
  title = {War and the {{British}} Economy, 1793-1815: A General Equilibrium Analysis},
  shorttitle = {War and the {{British}} Economy, 1793-1815},
  author = {Hueckel, Glenn},
  year = {1973},
  journal = {Explorations in Economic History},
  volume = {10},
  number = {4},
  pages = {365},
  publisher = {{Academic Press}},
  file = {/Users/guillaumedaudin/Zotero/storage/CLH7WA4V/1305249935.html}
}

@book{Jastram1981,
  title = {Silver, the {{Restless Metal}}},
  author = {Jastram, Roy W.},
  year = {1981},
  publisher = {{John Wiley}}
}

@unpublished{Jefferson1823,
  title = {Letter from {{Thomas Jefferson}} to {{James Monroe}}, 11 {{June}} 1823},
  author = {Jefferson, Thomas},
  year = {1823}
}

@article{John1955,
  title = {War and the {{English Economy}}, 1700-1763},
  author = {John, A. H.},
  year = {1955},
  journal = {The Economic History Review},
  volume = {7},
  number = {3},
  pages = {329--344},
  publisher = {{JSTOR}},
  file = {/Users/guillaumedaudin/Zotero/storage/BS6CMNEQ/2591157.html}
}

@article{Juhasz2014,
  title = {Temporary Protection and Technology Adoption: {{Evidence}} from the Napoleonic Blockade},
  author = {Juh{\'a}sz, R{\'e}ka},
  year = {2014}
}

@article{Juhasz2018,
  title = {Temporary Protection and Technology Adoption: {{Evidence}} from the Napoleonic Blockade},
  shorttitle = {Temporary Protection and Technology Adoption},
  author = {Juh{\'a}sz, R{\'e}ka},
  year = {2018},
  journal = {American Economic Review},
  volume = {108},
  number = {11},
  pages = {3339--76},
  file = {/Users/guillaumedaudin/Zotero/storage/ACURYR2C/Juhász - 2018 - Temporary protection and technology adoption Evid.pdf;/Users/guillaumedaudin/Zotero/storage/PVHDS5QQ/articles.html}
}

@article{Karlsson2021,
  title = {War and Trade in the Peaceful Century: The Impact of Interstate Wars on Bilateral Trade Flows during the First Wave of Globalization, 1830\textendash 1913},
  shorttitle = {War and Trade in the Peaceful Century},
  author = {Karlsson, Lars and Hedberg, Peter},
  year = {2021},
  journal = {The Economic History Review},
  publisher = {{Wiley Online Library}},
  file = {/Users/guillaumedaudin/Zotero/storage/BCD4XIDI/ehr.html}
}

@article{Keshk2004,
  title = {Trade Still Follows the Flag: {{The}} Primacy of Politics in a Simultaneous Model of Interdependence and Armed Conflict},
  author = {Keshk, Omar MG and Pollins, Brian M and Reuveny, Rafael},
  year = {2004},
  journal = {The Journal of Politics},
  volume = {66},
  number = {4},
  pages = {1155--1179},
  publisher = {{Cambridge University Press New York, USA}}
}

@article{Kim1998,
  title = {Ties That {{Bind}}: {{The Role}} of {{Trade}} in {{International Conflict Processes}}, 1950\textendash 1992},
  author = {Kim, Soo Yeon},
  year = {1998},
  journal = {PhD thesis Yale University}
}

@incollection{Kott2019,
  title = {Le Syst\`eme Financier de La {{Restauration}}, Entre R\'enovation et R\'evolution},
  booktitle = {La Comptabilit\'e Publique En {{Europe}} : 1500-1850},
  author = {Kott, S{\'e}bastien},
  editor = {Dubet, Anne and Legay, Marie-Laure},
  year = {2019},
  month = sep,
  series = {Histoire},
  pages = {201--216},
  publisher = {{Presses universitaires de Rennes}},
  address = {{Rennes}},
  isbn = {978-2-7535-6789-4},
  keywords = {administration,comptabilité,Europe,finances publiques,histoire des finances}
}

@article{Krishnamoorthy2004,
  title = {Modified {{Nel}} and {{Van}} Der {{Merwe}} Test for the Multivariate {{Behrens}}\textendash{{Fisher}} Problem},
  author = {Krishnamoorthy, K. and Yu, Jianqi},
  year = {2004},
  journal = {Statistics \& probability letters},
  volume = {66},
  number = {2},
  pages = {161--169},
  file = {/Users/guillaumedaudin/Zotero/storage/LSYNYVHY/Krishnamoorthy and Yu - 2004 - Modified Nel and Van der Merwe test for the multiv.pdf;/Users/guillaumedaudin/Zotero/storage/57MEMRRN/S0167715203003298.html}
}

@incollection{LeGoff1998,
  title = {L'impact Des Prises Effectu\'ees Par Les {{Anglais}} Sur La Capacit\'e En Hommes de La Marine Fran\c{c}aise Au {{XVIIIe}} Si\`ecle},
  booktitle = {Les Marines de Guerre {{Europeennes XVII}}\textendash{{XVIIIe}} Siecles},
  author = {Le Goff, T. J. A.},
  year = {1998},
  edition = {Second},
  pages = {103--122},
  publisher = {{Presses de l'Universit\'e Paris-Sorbonne}},
  address = {{Paris}}
}

@incollection{LeGoff1998a,
  title = {L'impact {{Des Prises Effectu\'ees Par Les Anglais Sur La Capacit\'e En Hommes}} de {{La Marine Fran\c{c}aise Au XVIIIe Si\`ecle}}},
  booktitle = {Les {{Marines}} de {{Guerre Europeennes XVII}}\textendash{{XVIIIe Siecles}}},
  author = {Le Goff, T. J. A.},
  year = {1998},
  edition = {Second},
  pages = {103--122},
  publisher = {{Presses de l'Universit\'e Paris-Sorbonne}},
  address = {{Paris}}
}

@book{Legoherel1965,
  title = {Les Tr\'esoriers G\'en\'eraux de La {{Marine}}, 1517-1788},
  author = {Legoh{\'e}rel, Henri},
  year = {1965},
  publisher = {{\'Editions Cujas}}
}

@article{Leonard2020,
  title = {Containing {{Conflict}}? {{The Effect}} of the {{Intermodal Transport Revolution}}},
  author = {Leonard, Hans},
  year = {2020}
}

@article{Lespagnol1997,
  title = {Mondialisation Des Trafics Inter-Oc\'eaniques et Structures Commerciales Nationales Au {{XVIIIe}} Si\`ecle: Contradictions et Compromis},
  author = {Lespagnol, Andr{\'e}},
  year = {1997},
  journal = {Bulletin de la Soci\'et\'e d'Histoire Moderne et Contemporaine},
  pages = {1--2}
}

@inbook{Levy1990,
  title = {The {{Causes}} of {{War}}: {{A Review}} of {{Theories}}},
  booktitle = {Behavior, {{Society}}, and {{Nuclear War}}},
  author = {Levy, Jack S.},
  year = {1990},
  pages = {416},
  publisher = {{Oxford University Press}},
  collaborator = {Tetlock, Philip and Husbands, Jo L. and Jervis, Robert and Stern, Paul and Tilly, Charles}
}

@article{Levy1998,
  title = {The Causes of War and the Conditions of Peace},
  author = {Levy, Jack S.},
  year = {1998},
  month = jun,
  journal = {Annual Review of Political Science},
  volume = {1},
  number = {1},
  pages = {139--165},
  issn = {1094-2939, 1545-1577},
  doi = {10.1146/annurev.polisci.1.1.139},
  langid = {english}
}

@article{Levy2004,
  title = {Trading with the Enemy during Wartime},
  author = {Levy, Jack S and Barbieri, Katherine},
  year = {2004},
  journal = {Security Studies},
  volume = {13},
  number = {3},
  pages = {1--47}
}

@book{Mahan2004,
  title = {{The Influence of Sea Power Upon History, 1660-1783}},
  author = {Mahan, A. T. (Alfred Thayer)},
  year = {2004},
  month = sep,
  copyright = {Public domain in the USA.},
  langid = {Anglais},
  lccn = {EBook-No. 13529},
  keywords = {Naval history; Modern,Sea-power}
}

@book{Mahan2016,
  title = {{The Influence of Sea Power upon the French Revolution and Empire 1793-1812, vol 1}},
  author = {Mahan, A. T. (Alfred Thayer)},
  year = {21 juil. 2016},
  copyright = {Public domain in the USA.},
  langid = {Anglais},
  lccn = {EBook-No. 52588},
  keywords = {France -- History -- Consulate and First Empire; 1799-1815,France -- History -- Revolution; 1789-1799,France -- History; Naval,Sea-power}
}

@book{Mahan2016a,
  title = {{The Influence of Sea Power upon the French Revolution and Empire 1793-1812, vol 2}},
  author = {Mahan, A. T. (Alfred Thayer)},
  year = {23 juil. 2016},
  copyright = {Public domain in the USA.},
  langid = {Anglais},
  lccn = {EBook-No. 52589},
  keywords = {France -- History -- Consulate and First Empire; 1799-1815,France -- History -- Revolution; 1789-1799,France -- History; Naval,Sea-power}
}

@book{Marion1914,
  title = {Histoire {{Financi\`ere}} de La {{France}} Depuis 1715},
  author = {Marion, Marcel},
  year = {1914},
  volume = {2},
  publisher = {{Paris}}
}

@article{Martin2008,
  title = {Make Trade Not War?},
  author = {Martin, Philippe and Mayer, Thierry and Thoenig, Mathias},
  year = {2008},
  journal = {The Review of Economic Studies},
  volume = {75},
  number = {3},
  pages = {865--900}
}

@article{Martin2008a,
  title = {Civil Wars and International Trade},
  author = {Martin, Philippe and Mayer, Thierry and Thoenig, Mathias},
  year = {2008},
  journal = {Journal of the European Economic Association},
  volume = {6},
  number = {2-3},
  pages = {541--550},
  publisher = {{Oxford University Press}}
}

@inbook{Marzagalli,
  title = {French {{Privateering}} during the {{French Wars}} (1793-1815)},
  booktitle = {Commerce {{Raiding}}. {{Historical Case Studies}}, 1755\textendash 2009},
  author = {Marzagalli, Silvia},
  pages = {41--56},
  publisher = {{Naval War College Press}},
  address = {{Newport, R.I.}},
  collaborator = {Elleman, Bruce and Paine, Sally}
}

@article{Marzagalli2005,
  title = {Establishing Transatlantic Trade Networks in Time of War: {{Bordeaux}} and the {{United States}}, 1793\textendash 1815},
  shorttitle = {Establishing Transatlantic Trade Networks in Time of War},
  author = {Marzagalli, Silvia},
  year = {2005},
  journal = {Business History Review},
  volume = {79},
  number = {4},
  pages = {811--844},
  file = {/Users/guillaumedaudin/Zotero/storage/5Q3GJBP5/E548F6BF12E3C78FEF1259C95B4252C3.html}
}

@article{Marzagalli2005a,
  title = {Establishing {{Transatlantic Trade Networks}} in {{Time}} of {{War}}: {{Bordeaux}} and the {{United States}}, 1793\textendash{} 1815},
  shorttitle = {Establishing {{Transatlantic Trade Networks}} in {{Time}} of {{War}}},
  author = {Marzagalli, Silvia},
  year = {2005},
  journal = {Business History Review},
  volume = {79},
  number = {4},
  pages = {811--844}
}

@book{Marzagalli2006,
  title = {{Guerre et \'economie dans l'espace atlantique du XVIe au XXe si\`ecle: actes du colloque international de Bordeaux, 3 - 4 octobre 2003}},
  shorttitle = {{Guerre et \'economie dans l'espace atlantique du XVIe au XXe si\`ecle}},
  editor = {Marzagalli, Silvia},
  year = {2006},
  series = {{La mer au fil du temps}},
  publisher = {{Presses Univ. de Bordeaux}},
  address = {{Pessac}},
  isbn = {978-2-86781-412-9},
  langid = {fre},
  annotation = {OCLC: 255368063}
}

@inbook{Marzagalli2015,
  title = {La Navigation Am\'ericaine Pendant Les {{French Wars}} (1793-1815) : Une Simple Reconfiguratiion Des Circuits Commerciaux Par Neutres Interpos\'es ?},
  booktitle = {Neutres et Neutralit\'e Dans l'espace Atlantique Durant Le Long {{XVIIIe}} Si\`ecle (1700-1820) : Une Approche Globale -- {{Neutrals}} and Neutrality in the {{Atlantic World}} during the Long Eighteenth Century (1700-1820): A Global Approach},
  author = {Marzagalli, Silvia},
  year = {2015},
  pages = {131--156},
  publisher = {{Les Pers\'eides}},
  address = {{B\'echerel}},
  collaborator = {Schnakenbourg, {\'E}ric}
}

@book{Marzagalli2015a,
  title = {Bordeaux et Les {{Etats-Unis}}, 1776-1815: Politique et Strat\'egies N\'egociantes Dans La Gen\`ese d'un R\'eseau Commercial},
  shorttitle = {Bordeaux et Les {{Etats-Unis}}, 1776-1815},
  author = {Marzagalli, Silvia},
  year = {2015},
  publisher = {{Librairie Droz}}
}

@incollection{Marzagalli2016,
  title = {Was {{Warfare Necessary}} for the {{Functioning}} of {{Eighteenth-Century Colonial Systems}}? {{Some Reflections}} on the {{Necessity}} of {{Cross-Imperial}} and {{Foreign Trade}} in the {{French Case}}},
  booktitle = {Beyond {{Empires}}: {{Global}}, {{Self-Organizing}}, {{Cross-Imperial Networks}}, 1500-1800},
  author = {Marzagalli, Silvia},
  editor = {Antunes, C{\'a}tia and Pol{\'o}nia, Am{\'e}lia},
  year = {2016},
  pages = {253}
}

@book{McCusker2001,
  title = {How {{Much}} Is That in {{Real Money}}?: {{A Historical Commodity Price Index}} for {{Use}} as a {{Deflator}} of {{Money Values}} in the {{Economy}} of the {{United States}}},
  shorttitle = {How {{Much}} Is That in {{Real Money}}?},
  author = {McCusker, John J.},
  year = {2001},
  publisher = {{American Antiquarian Society Worcester, MA}},
  file = {/Users/guillaumedaudin/Zotero/storage/PN4GNV6G/www.eh.net.html}
}

@article{McMillan1997,
  title = {Interdependence and Conflict},
  author = {McMillan, Susan M.},
  year = {1997},
  journal = {Mershon International Studies Review},
  volume = {41},
  number = {Supplement\_1},
  pages = {33--58},
  file = {/Users/guillaumedaudin/Zotero/storage/NFJS6PN5/McMillan - 1997 - Interdependence and conflict.pdf;/Users/guillaumedaudin/Zotero/storage/JBRLM4BP/1816892.html}
}

@book{MinisteredesFinancesFrance1823,
  title = {{Comptes rendus pour l'ann\'ee 1822}},
  author = {{Minist{\`e}re des Finances France}},
  year = {1823},
  publisher = {{Imprimerie royale}},
  googlebooks = {vhEyAQAAMAAJ},
  langid = {french}
}

@book{MinisteredesFinancesFrance1823a,
  title = {{Comptes rendus pour l'ann\'ee 1822}},
  author = {{Minist\`ere des Finances France}},
  year = {1823},
  publisher = {{Imprimerie royale}},
  langid = {french}
}

@book{Mitchell1962,
  title = {Abstract of {{British}} Historical Statistics},
  author = {Mitchell, Brian R.},
  year = {1962},
  volume = {1},
  publisher = {{CUP Archive}},
  file = {/Users/guillaumedaudin/Zotero/storage/FAPPWN32/books.html}
}

@book{Mitchell1988,
  title = {British Historical Statistics},
  author = {Mitchell, Brian R.},
  year = {1988},
  publisher = {{CUP Archive}},
  file = {/Users/guillaumedaudin/Zotero/storage/L6QRTCBW/books.html}
}

@incollection{Modelski1988,
  title = {Seapower and {{Global Politics}}},
  booktitle = {Seapower in {{Global Politics}}, 1494\textendash 1993},
  author = {Modelski, George and Thompson, William R.},
  year = {1988},
  pages = {3--26},
  publisher = {{Springer}},
  file = {/Users/guillaumedaudin/Zotero/storage/2XJIZQB5/978-1-349-09154-6_1.html}
}

@book{Morgenstern1963,
  title = {On the Accuracy of Economic Observations},
  author = {Morgenstern, Oskar},
  year = {1963},
  publisher = {{Princeton University Press}},
  file = {/Users/guillaumedaudin/Zotero/storage/87NTJCAN/search.html}
}

@article{Morineau1997,
  title = {La Vraie Nature Des Choses et Leur Encha\^inement Entre La {{France}}, Les {{Antilles}} et l'{{Europe}} ({{XVir-XIX}}'si\`ecle)},
  author = {Morineau, Michel},
  year = {1997},
  journal = {Revue fran\c{c}aise d'histoire d'outre-mer},
  volume = {84},
  number = {314},
  pages = {3--24}
}

@article{Neal1977,
  title = {Interpreting {{Power}} and {{Profit}} in {{Economic History}} :~{{A Case Study}} of the {{Seven Years War}}},
  author = {Neal, Larry},
  year = {1977},
  journal = {Journal of Economic History},
  volume = {37},
  number = {1},
  pages = {20--35}
}

@article{Neal1977a,
  title = {Interpreting {{Power}} and {{Profit}} in {{Economic History}} : {{A Case Study}} of the {{Seven Years War}}},
  author = {Neal, Larry},
  year = {1977},
  journal = {Journal of Economic History},
  volume = {37},
  number = {1},
  pages = {20--35}
}

@article{Nel1986,
  title = {A Solution to the Multivariate {{Behrens-Fisher}} Problem},
  author = {Nel, D. G. and {Van der Merwe}, C. A.},
  year = {1986},
  journal = {Communications in Statistics-Theory and Methods},
  volume = {15},
  number = {12},
  pages = {3719--3735},
  file = {/Users/guillaumedaudin/Zotero/storage/HT6WMR2M/03610928608829342.html}
}

@book{Neuville1898,
  title = {\'Etat Sommaire Des Archives de La {{Marine}} Ant\'erieures \`a La {{R\'evolution}}},
  author = {Neuville, Didier},
  year = {1898},
  publisher = {{L. Baudoin}}
}

@incollection{North1960,
  title = {The {{United States}} Balance of Payments, 1790-1860},
  booktitle = {Trends in the {{American}} Economy in the Nineteenth Century},
  author = {North, Douglass},
  year = {1960},
  pages = {573--628},
  publisher = {{Princeton University Press}},
  file = {/Users/guillaumedaudin/Zotero/storage/SD2ME3CY/North - 1960 - The United States balance of payments, 1790-1860.pdf}
}

@article{OBrien2018,
  title = {The Costs and Benefits of Mercantilist Warfare},
  author = {O'Brien, Patrick Karl},
  year = {2018},
  journal = {Financial History Review},
  volume = {25},
  number = {1},
  pages = {97--112},
  publisher = {{Cambridge University Press}},
  file = {/Users/guillaumedaudin/Zotero/storage/W6C9IH5Z/O'Brien - 2018 - The costs and benefits of mercantilist warfare.pdf;/Users/guillaumedaudin/Zotero/storage/F3TPGYRQ/C4DA36CE532791CA0E1F0505231E74DC.html}
}

@book{Oliphant2015,
  title = {John {{Forbes}}: {{Scotland}}, {{Flanders}} and the {{Seven Years}}' {{War}}, 1707-1759},
  author = {Oliphant, John},
  year = {2015},
  publisher = {{Bloomsbury Publishing}}
}

@article{Oneal1997,
  title = {The Classical Liberals Were Right: {{Democracy}}, Interdependence, and Conflict, 1950\textendash 1985},
  shorttitle = {The Classical Liberals Were Right},
  author = {Oneal, John R. and Russet, Bruce M.},
  year = {1997},
  journal = {International Studies Quarterly},
  volume = {41},
  number = {2},
  pages = {267--293},
  file = {/Users/guillaumedaudin/Zotero/storage/MZY8D3M6/psl.html;/Users/guillaumedaudin/Zotero/storage/XCW2D9L4/1821147.html}
}

@article{Oneal1997a,
  title = {The {{Classical Liberals Were Right}}: {{Democracy}}, {{Interdependence}}, and {{Conflict}}, 1950\textendash{} 1985},
  shorttitle = {The {{Classical Liberals Were Right}}},
  author = {Oneal, John R. and Russet, Bruce M.},
  year = {1997},
  journal = {International Studies Quarterly},
  volume = {41},
  number = {2},
  pages = {267--293}
}

@techreport{ORourke2005,
  title = {The Worldwide Economic Impact of the {{Revolutionary}} and {{Napoleonic Wars}}},
  author = {O'Rourke, Kevin H},
  year = {2005},
  institution = {{National Bureau of Economic Research}}
}

@article{ORourke2006,
  title = {The Worldwide Economic Impact of the {{French Revolutionary}} and {{Napoleonic Wars}}, 1793\textendash 1815},
  author = {O'Rourke, Kevin H.},
  year = {2006},
  journal = {Journal of Global History},
  volume = {1},
  number = {1},
  pages = {123--149},
  file = {/Users/guillaumedaudin/Zotero/storage/9GNFW583/O’Rourke - 2006 - The worldwide economic impact of the French Revolu.pdf;/Users/guillaumedaudin/Zotero/storage/ZAJVUU65/B5D21C47E53307E78358803D4695FCE8.html}
}

@article{ORourke2010,
  title = {Trade and Empire},
  author = {O'Rourke, Kevin H. and {de la Escosura}, Leandro Prados and Daudin, Guillaume},
  year = {2010},
  journal = {The Cambridge economic history of modern Europe},
  volume = {2},
  pages = {96--120},
  publisher = {{Cambridge University Press Cambridge}},
  file = {/Users/guillaumedaudin/Zotero/storage/VSVM65UT/O’Rourke et al. - 2010 - Trade and empire.pdf;/Users/guillaumedaudin/Zotero/storage/3R4USXTI/books.html}
}

@book{Pearl2000,
  title = {Causality: {{Models}}, Reasoning and Inference},
  author = {Pearl, Judea},
  year = {2000},
  edition = {Second edition},
  publisher = {{Cambridge University Press}},
  address = {{Cambridge}}
}

@book{Pearl2018,
  title = {The Book of Why: The New Science of Cause and Effect},
  shorttitle = {The Book of Why},
  author = {Pearl, Judea and Mackenzie, Dana},
  year = {2018},
  publisher = {{Basic Books}}
}

@article{Peterson2020,
  title = {Conflict and {{Cooperation}} with {{Trade Partners}}},
  author = {Peterson, Timothy M and Zeng, Yuleng},
  year = {2020}
}

@book{Petitfils2015,
  title = {Louis {{XVI}}},
  author = {Petitfils, Jean-Christian},
  year = {2015},
  publisher = {{Perrin}},
  file = {/Users/guillaumedaudin/Zotero/storage/HK89J4HQ/books.html}
}

@article{Pfister2015,
  title = {The Quantitative Development of {{Germany}}'s International Trade during the Eighteenth and Early Nineteenth Centuries},
  author = {Pfister, Ulrich},
  year = {2015},
  journal = {Revue de l'OFCE},
  number = {4},
  pages = {175--221},
  file = {/Users/guillaumedaudin/Zotero/storage/JX5ISUMK/revue-de-l-ofce-2015-4-page-175.html;/Users/guillaumedaudin/Zotero/storage/ZB7QCU5N/revue-de-l-ofce-2015-4-page-175.html}
}

@article{Pfister2015a,
  title = {The {{Quantitative Development}} of {{Germany}}'s {{International Trade}} during the {{Eighteenth}} and {{Early Nineteenth Centuries}}},
  author = {Pfister, Ulrich},
  year = {2015},
  journal = {Revue de l'OFCE},
  number = {4},
  pages = {175--221}
}

@article{Pfister2017,
  title = {Great Divergence, Consumer Revolution and the Reorganization of Textile Markets: Evidence from {{Hamburg}}'s Import Trade, Eighteenth Century},
  shorttitle = {Hamburg's Import Trade},
  author = {Pfister, Ulrich},
  year = {2017},
  journal = {Economic History Working Papers},
  number = {266},
  file = {/Users/guillaumedaudin/Zotero/storage/9KJTTBTG/Pfister - 2012 - Great divergence, consumer revolution and the reor.pdf;/Users/guillaumedaudin/Zotero/storage/CJZFTW9C/Pfister - 2012 - Great divergence, consumer revolution and the reor.pdf}
}

@article{Pfister2017a,
  title = {Great {{Divergence}}, {{Consumer Revolution}} and the {{Reorganization}} of {{Textile Markets}}: {{Evidence}} from {{Hamburg}}'s {{Import Trade}}, {{Eighteenth Century}}},
  shorttitle = {Hamburg's {{Import Trade}}},
  author = {Pfister, Ulrich},
  year = {2017},
  journal = {Economic History Working Papers},
  number = {266}
}

@article{Polachek1980,
  title = {Conflict and Trade},
  author = {Polachek, Solomon William},
  year = {1980},
  journal = {Journal of conflict resolution},
  volume = {24},
  number = {1},
  pages = {55--78},
  file = {/Users/guillaumedaudin/Zotero/storage/FW2P9XW6/Polachek - 1980 - Conflict and trade.pdf;/Users/guillaumedaudin/Zotero/storage/VLFLB9EB/002200278002400103.html}
}

@article{Polachek2010,
  title = {How Opportunity Costs Decrease the Probability of War in an Incomplete Information Game},
  author = {Polachek, Solomon and Xiang, Jun},
  year = {2010},
  journal = {International Organization},
  pages = {133--144},
  publisher = {{JSTOR}}
}

@book{Pugh1986,
  title = {The {{Cost}} of Seapower: The Influence of Money on Naval Affairs from 1815 to the Present Day},
  shorttitle = {The {{Cost}} of Seapower},
  author = {Pugh, Philip},
  year = {1986},
  publisher = {{Brassey's}}
}

@article{Rahman2010,
  title = {Fighting the Forces of Gravity--{{Seapower}} and Maritime Trade between the 18th and 20th Centuries},
  author = {Rahman, Ahmed S},
  year = {2010},
  journal = {Explorations in Economic History},
  volume = {47},
  number = {1},
  pages = {28--48}
}

@article{Rahman2010a,
  title = {Fighting the {{Forces}} of {{Gravity}}\textendash{{Seapower}} and {{Maritime Trade}} between the 18th and 20th {{Centuries}}},
  author = {Rahman, Ahmed S},
  year = {2010},
  journal = {Explorations in Economic History},
  volume = {47},
  number = {1},
  pages = {28--48}
}

@article{Reuveny2001,
  title = {Bilateral Import, Export, and Conflict/Cooperation Simultaneity},
  author = {Reuveny, Rafael},
  year = {2001},
  journal = {International Studies Quarterly},
  volume = {45},
  number = {1},
  pages = {131--158}
}

@book{Riley1986,
  title = {The {{Seven Years War}} and the {{Old Regime}} in {{France}}},
  author = {Riley, J.C.},
  year = {1986},
  publisher = {{Princeton University Press}}
}

@article{Ripsman1996,
  title = {Commercial Liberalism under Fire: {{Evidence}} from 1914 and 1936},
  shorttitle = {Commercial Liberalism under Fire},
  author = {Ripsman, Norrin M. and Blanchard, Jean-Marc F.},
  year = {1996},
  journal = {Security Studies},
  volume = {6},
  number = {2},
  pages = {4--50},
  file = {/Users/guillaumedaudin/Zotero/storage/B436X3WL/09636419608429305.html}
}

@book{Rodger2005,
  title = {{The Command of the Ocean: A Naval History of Britain 1649-1815}},
  shorttitle = {{The Command of the Ocean}},
  author = {Rodger, N. A. M.},
  year = {2005},
  publisher = {{W. W. Norton \& Co}},
  abstract = {The Command of the Ocean describes with unprecedented authority and scholarship the rise of Britain to naval greatness, and the central place of the Navy and naval activity in the life of the nation and government. It describes not just battles, voyages and cruises but how the Navy was manned, how it was supplied with timber, hemp and iron, how its men (and sometimes women) were fed, and above all how it was financed and directed. It was during the century and a half covered by this book that the successful organizing of these last three - victualling, money and management - took the Navy to the heart of the British state. It is the great achievement of the book to show how completely integrated and mutually dependent Britain and the Navy then became.},
  isbn = {978-0-14-102690-9},
  langid = {Anglais}
}

@incollection{Romano1957,
  title = {Documenti e {{Prime Considerazioni Interno}} Alla {{Balance}} Du {{Commerce}} Della {{Francia}} Dal 1716 al 1780},
  booktitle = {Studi in {{Onore}} Di {{Armando Sapori}}},
  author = {Romano, Ruiggero},
  year = {1957},
  volume = {2},
  publisher = {{Instuto Editoriale Cisaopino}},
  address = {{Milan}}
}

@misc{Roser2016,
  title = {War and {{Peace}}},
  author = {Roser, Max},
  year = {2016},
  journal = {OurWorldInData},
  howpublished = {https://ourworldindata.org/war-and-peace/}
}

@book{Roser2016a,
  title = {War and {{Peace}}},
  author = {Roser, Max},
  year = {2016},
  journal = {OurWorldInData}
}

@article{Rozanski1994,
  title = {On the (in) Accuracy of Economic Observations: {{An}} Assessment of Trends in the Reliability of International Trade Statistics},
  shorttitle = {On the (in) Accuracy of Economic Observations},
  author = {Rozanski, Jerzy and Yeats, Alexander},
  year = {1994},
  journal = {Journal of Development Economics},
  volume = {44},
  number = {1},
  pages = {103--130},
  file = {/Users/guillaumedaudin/Zotero/storage/BW2GFXQS/0304387894000085.html;/Users/guillaumedaudin/Zotero/storage/QKVWZ552/scholar.html}
}

@book{Schefer1907,
  title = {La {{France}} Moderne et Le Probl\`eme Colonial...},
  author = {Schefer, Christian},
  year = {1907},
  volume = {1},
  publisher = {{F. Alcan}}
}

@article{Schnakenbourg2004,
  title = {{Les interactions entre commerce et diplomatie au d\'ebut du xvme si\`ecle : l'exemple du trait\'e de commerce franco-anglais de 1713}},
  shorttitle = {{Les interactions entre commerce et diplomatie au d\'ebut du xvme si\`ecle}},
  author = {Schnakenbourg, {\'E}ric},
  year = {2004},
  journal = {Histoire, \'economie \& soci\'et\'e},
  volume = {23},
  number = {3},
  pages = {349--365},
  doi = {10.3406/hes.2004.2429},
  abstract = {Parmi les divers trait\'es sign\'es \`a l'issue du congr\`es d'Utrecht, s'en trouve un, m\'econnu, qui pr\'evoit un abaissement r\'eciproque des droits de douane entre la France et l'Angleterre. Les points encore en suspens sont renvoy\'es \`a des conf\'erences qui se tiennent \`a Londres en 1714. Les commissaires de Louis XIV adoptent en cette occasion une attitude tr\`es ambigu\"e, cherchant \`a faire \'echouer le trait\'e tout en faisant mine de travailler \`a son ach\`evement. Finalement, les discussions ne m\`enent \`a rien et l'accord reste lettre morte. Ce destin singulier montre comment Louis XIV a su \'eviter \`a son royaume les cons\'equences d'un trait\'e de commerce jug\'e in\'equitable, alors m\^eme qu'il avait fait de sa conclusion un argument pour obtenir la paix en 1713.},
  copyright = {free},
  langid = {fre},
  file = {/Users/guillaumedaudin/Zotero/storage/ESD8GB6R/Schnakenbourg - 2004 - Les interactions entre commerce et diplomatie au d.pdf;/Users/guillaumedaudin/Zotero/storage/TH2A23TK/hes_0752-5702_2004_num_23_3_2429.html}
}

@article{Schnakenbourg2013,
  title = {Entre La Guerre et La Paix},
  author = {Schnakenbourg, {\'E}ric},
  year = {2013},
  journal = {Neutralit\'e et relations internationales, XVIIe-XVIIIe si\`ecles. Rennes, PUR}
}

@book{Schnakenbourg2015,
  title = {Neutres et Neutralit\'e Dans l'espace Atlantique Durant Le Long {{XVIIIe}} Si\`ecle (1700-1820) : Une Approche Globale -- {{Neutrals}} and Neutrality in the {{Atlantic World}} during the Long Eighteenth Century (1700-1820): A Global Approach},
  editor = {Schnakenbourg, {\'E}ric},
  year = {2015},
  publisher = {{Les Pers\'eides}},
  address = {{B\'echerel}}
}

@book{Schnakenbourg2015a,
  title = {Neutres et {{Neutralit\'e Dans}} l'espace {{Atlantique Durant Le Long XVIIIe Si\`ecle}} (1700-1820) : {{Une Approche Globale}} \textendash{} {{Neutrals}} and {{Neutrality}} in the {{Atlantic World}} during the {{Long Eighteenth Century}} (1700-1820): {{A Global Approach}}},
  editor = {Schnakenbourg, {\'E}ric},
  year = {2015},
  publisher = {{Les Pers\'eides}},
  address = {{B\'echerel}}
}

@book{Schneider2001,
  title = {Statistik Des {{Hamburger}} Seew\"artigen {{Einfuhrhandels}} Im 18. {{Jahrhundert}}: Nach Den {{Admiralit\"ats-und Convoygeld-Einnahmeb\"uchern}}},
  shorttitle = {Statistik Des {{Hamburger}} Seew\"artigen {{Einfuhrhandels}} Im 18. {{Jahrhundert}}},
  author = {Schneider, J{\"u}rgen and Denzel, Markus A.},
  year = {2001},
  publisher = {{Scripta Mercaturae Verlag}},
  file = {/Users/guillaumedaudin/Zotero/storage/P4NJJT8X/11583.html}
}

@article{Schneider2020,
  title = {Collider Bias in Economic History Research},
  author = {Schneider, Eric B.},
  year = {2020},
  journal = {Explorations in Economic History},
  volume = {78},
  pages = {101356},
  publisher = {{Elsevier}},
  file = {/Users/guillaumedaudin/Zotero/storage/Y4JREA78/S0014498320300516.html}
}

@book{Starkey1990,
  title = {British Privateering Enterprise in the Eighteenth Century},
  author = {Starkey, David John},
  year = {1990},
  volume = {4},
  publisher = {{Univ of Exeter Pr}}
}

@book{Tarrade1972,
  title = {Le Commerce Colonial de La {{France}} \`a La Fin de l'{{AncienR\'egime}}. {{L}}'\'evolution Du Syst\`eme de l'{{Exclusif}} de 1763 \`a 1789},
  author = {Tarrade, Jean},
  year = {1972},
  publisher = {{Presses Universitaires de France}},
  address = {{Paris}}
}

@book{Tarrade1972a,
  title = {Le {{Commerce Colonial}} de {{La France}} \`a {{La Fin}} de l'{{AncienR\'egime}}. {{L}}'\'evolution {{Du Syst\`eme}} de l'{{Exclusif}} de 1763 \`a 1789},
  author = {Tarrade, Jean},
  year = {1972},
  publisher = {{Presses Universitaires de France}},
  address = {{Paris}}
}

@misc{TheEditorsofEncyclopaediaBritannica2014,
  title = {Convoy},
  author = {{The Editors of Encyclopaedia Britannica}},
  year = {2014},
  journal = {Encyclopedia Britannica},
  abstract = {Convoy, vessels sailing under the protection of an armed escort. Originally, convoys of merchant ships were formed as a protection against pirates. Since the 17th century, neutral powers have claimed the ``right of convoy''; that is, immunity from search for neutral merchant vessels sailing under the},
  howpublished = {https://www.britannica.com/topic/convoy-naval-operations},
  langid = {english},
  file = {/Users/guillaumedaudin/Zotero/storage/6XE4RQY4/convoy-naval-operations.html}
}

@book{TheEditorsofEncyclopaediaBritannica2014a,
  title = {Convoy},
  author = {{The Editors of Encyclopaedia Britannica}},
  year = {2014},
  journal = {Encyclopedia Britannica},
  abstract = {Convoy, vessels sailing under the protection of an armed escort. Originally, convoys of merchant ships were formed as a protection against pirates. Since the 17th century, neutral powers have claimed the ``right of convoy''; that is, immunity from search for neutral merchant vessels sailing under the},
  langid = {english}
}

@article{Todd2011,
  title = {A {{French}} Imperial Meridian, 1814\textendash 1870},
  author = {Todd, David},
  year = {2011},
  journal = {Past and Present},
  volume = {210},
  number = {1},
  pages = {155--186},
  file = {/Users/guillaumedaudin/Zotero/storage/ATILMMWN/Todd - 2011 - A French imperial meridian, 1814–1870.pdf;/Users/guillaumedaudin/Zotero/storage/9BRUFL6M/1490889.html}
}

@book{Tracy1991,
  title = {Attack on {{Maritime Trade}}},
  author = {Tracy, Nicholas},
  year = {1991},
  publisher = {{Springer}},
  file = {/Users/guillaumedaudin/Zotero/storage/8J383ATG/books.html}
}

@book{UnitedStatesBureauoftheCensus1975,
  title = {Historical Statistics of the {{United States}}, Colonial Times to 1970},
  author = {{United States Bureau of the Census}},
  year = {1975},
  number = {93},
  publisher = {{US Department of Commerce, Bureau of the Census}},
  file = {/Users/guillaumedaudin/Zotero/storage/BTWWT8F9/books.html}
}

@book{UnitedStatesBureauoftheCensus1975a,
  title = {Historical {{Statistics}} of the {{United States}}, {{Colonial Times}} to 1970},
  author = {{United States Bureau of the Census}},
  year = {1975},
  number = {93},
  publisher = {{US Department of Commerce, Bureau of the Census}}
}

@techreport{Ventura2015,
  title = {Debt into Growth: How Sovereign Debt Accelerated the First Industrial Revolution},
  shorttitle = {Debt into Growth},
  author = {Ventura, Jaume and Voth, Hans-Joachim},
  year = {2015},
  institution = {{National Bureau of Economic Research}},
  file = {/Users/guillaumedaudin/Zotero/storage/924DWLUH/Ventura et Voth - 2015 - Debt into growth how sovereign debt accelerated t.pdf;/Users/guillaumedaudin/Zotero/storage/LA6AUPMZ/w21280.html}
}

@article{Venturini2017,
  title = {An Unexpected Journey: {{A}} Few Lessons from Sciences {{Po}} M\'edialab's Experience:},
  shorttitle = {An Unexpected Journey},
  author = {Venturini, Tommaso and Jacomy, Mathieu and Meunier, Axel and Latour, Bruno},
  year = {2017},
  month = aug,
  journal = {Big Data \& Society},
  doi = {10.1177/2053951717720949},
  abstract = {In this article, we present a few lessons we learnt in the establishment of the Sciences Po m\'edialab. As an interdisciplinary laboratory associating social scie...},
  langid = {english}
}

@book{Villiers1997,
  title = {L'{{Europe}}, La Mer et Les Colonies ({{XVIIe-XVIIIe}} Si\`ecle)},
  author = {Villiers, Patrick and Duteil, Jean-Pierre},
  year = {1997},
  publisher = {{FeniXX}},
  file = {/Users/guillaumedaudin/Zotero/storage/GQE8GBRR/books.html}
}

@book{Villiers2002,
  title = {Marine Royale, Corsaires et Trafic Dans l'{{Atlantique}} de {{Louis XIV}} \`a {{Louis XVI}}},
  author = {Villiers, Patrick},
  year = {2002},
  publisher = {{Presses Universitaires du Septentrion}},
  file = {/Users/guillaumedaudin/Zotero/storage/74MHP2EC/1990PA010602.html}
}

@book{Villiers2007,
  title = {Les Corsaires: Des Origines Au Trait\'e de {{Paris}} Du 16 Avril 1856},
  shorttitle = {Les Corsaires},
  author = {Villiers, Patrick},
  year = {2007},
  publisher = {{Editions Jean-Paul Gisserot}},
  file = {/Users/guillaumedaudin/Zotero/storage/LQSULQUS/books.html}
}

@book{Wallerstein1980,
  title = {The Modern {{World}} System {{II}} : {{Mercantilism}} and the {{Consolidation}} of the {{European World Economy}} 1600-1750},
  shorttitle = {World System {{II}}},
  author = {Wallerstein, Immanuel},
  year = {1980},
  publisher = {{Academic Press}},
  address = {{New-York}},
  abstract = {Rq : \'ecole Walerstein-Braudel. Il existe Review of the F. Braudel Center},
  keywords = {Historique  Théorique International,Historique Théorique International}
}

@article{Weber2015,
  title = {Hamburg, 1728-1811},
  author = {Weber, Klaus},
  year = {2015},
  journal = {Revue de l'OFCE},
  number = {4},
  pages = {265--268},
  file = {/Users/guillaumedaudin/Zotero/storage/CZBWMQHX/revue-de-l-ofce-2015-4-page-265.html;/Users/guillaumedaudin/Zotero/storage/VU25S73E/revue-de-l-ofce-2015-4-page-265.html}
}

@article{Werrell1986,
  title = {The {{Strategic Bombing}} of {{Germany}} in {{World War II}}: {{Costs}} and {{Accomplishments}}},
  shorttitle = {The {{Strategic Bombing}} of {{Germany}} in {{World War II}}},
  author = {Werrell, Kenneth P.},
  year = {1986},
  journal = {The Journal of American History},
  volume = {73},
  number = {3},
  pages = {702--713},
  publisher = {{[Oxford University Press, Organization of American Historians]}},
  issn = {0021-8723},
  doi = {10.2307/1902984},
  file = {/Users/guillaumedaudin/Zotero/storage/HGGH22ML/Werrell - 1986 - The Strategic Bombing of Germany in World War II .pdf}
}

@article{Williamson1984,
  title = {Why Was {{British}} Growth so Slow during the Industrial Revolution?},
  author = {Williamson, Jeffrey G.},
  year = {1984},
  journal = {Journal of Economic History},
  pages = {687--712},
  publisher = {{JSTOR}},
  file = {/Users/guillaumedaudin/Zotero/storage/QEYB6D5I/Williamson - 1984 - Why was British growth so slow during the industri.pdf;/Users/guillaumedaudin/Zotero/storage/LEBBZJGN/2124148.html}
}

@book{zotero-7106,
  title = {Amazon.{{Com}}: {{Daniel Baugh}}}
}


