% Encoding: UTF-8

@Article{reuveny2001bilateral,
  author    = {Reuveny, Rafael},
  title     = {Bilateral import, export, and conflict/cooperation simultaneity},
  journal   = {International Studies Quarterly},
  year      = {2001},
  volume    = {45},
  number    = {1},
  pages     = {131--158},
  publisher = {The Oxford University Press},
}

@Article{blomberg2006much,
  author    = {Blomberg, S Brock and Hess, Gregory D},
  title     = {How much does violence tax trade?},
  journal   = {The Review of Economics and Statistics},
  year      = {2006},
  volume    = {88},
  number    = {4},
  pages     = {599--612},
  publisher = {MIT Press},
}

@Article{martin2008make,
  author    = {Martin, Philippe and Mayer, Thierry and Thoenig, Mathias},
  title     = {Make trade not war?},
  journal   = {The Review of Economic Studies},
  year      = {2008},
  volume    = {75},
  number    = {3},
  pages     = {865--900},
  publisher = {Oxford University Press},
}

@Article{blomberg2006conflict,
  author    = {Blomberg, S Brock and Hess, Gregory D and Thacker, Siddharth},
  title     = {On the conflict--poverty nexus},
  journal   = {Economics \& Politics},
  year      = {2006},
  volume    = {18},
  number    = {3},
  pages     = {237--267},
  publisher = {Wiley Online Library},
}

@Article{charles2015eighteenth,
  author    = {Charles, Lo{\"\i}c and Daudin, Guillaume},
  title     = {Eighteenth-century international Trade statistics},
  journal   = {Revue de l'OFCE},
  year      = {2015},
  number    = {4},
  pages     = {7--36},
  publisher = {OFCE},
}

@Article{glick2010collateral,
  author    = {Glick, Reuven and Taylor, Alan M},
  title     = {Collateral damage: Trade disruption and the economic impact of war},
  journal   = {The Review of Economics and Statistics},
  year      = {2010},
  volume    = {92},
  number    = {1},
  pages     = {102--127},
  publisher = {MIT Press},
}

@Article{daudin2010domestic,
  author    = {Daudin, Guillaume},
  title     = {Domestic trade and market size in late-eighteenth-century France},
  journal   = {The Journal of Economic History},
  year      = {2010},
  volume    = {70},
  number    = {03},
  pages     = {716--743},
  publisher = {Cambridge Univ Press},
}

@Article{baier2007free,
  author    = {Baier, Scott L and Bergstrand, Jeffrey H},
  title     = {Do free trade agreements actually increase members' international trade?},
  journal   = {Journal of international Economics},
  year      = {2007},
  volume    = {71},
  number    = {1},
  pages     = {72--95},
  publisher = {Elsevier},
}

@Article{anderton2001impact,
  author    = {Anderton, Charles H and Carter, John R},
  title     = {The impact of war on trade: An interrupted times-series study},
  journal   = {Journal of Peace Research},
  year      = {2001},
  volume    = {38},
  number    = {4},
  pages     = {445--457},
  publisher = {Sage Publications/PRIO 6 Bonhill Street, London EC2A 4PU, UK.},
}

@Article{barbieri1999sleeping,
  author    = {Barbieri, Katherine and Levy, Jack S},
  title     = {Sleeping with the enemy: The impact of war on trade},
  journal   = {Journal of Peace Research},
  year      = {1999},
  volume    = {36},
  number    = {4},
  pages     = {463--479},
  publisher = {Sage Publications},
}

@Article{levy2004trading,
  author    = {Levy, Jack S and Barbieri, Katherine},
  title     = {Trading with the enemy during wartime},
  journal   = {Security Studies},
  year      = {2004},
  volume    = {13},
  number    = {3},
  pages     = {1--47},
  publisher = {Taylor \& Francis},
}

@Book{oliphant2015john,
  title     = {John Forbes: Scotland, Flanders and the Seven Years' War, 1707-1759},
  publisher = {Bloomsbury Publishing},
  year      = {2015},
  author    = {Oliphant, John},
}

@Article{glaser2016ex,
  author    = {Glaser, Darrell J and Rahman, Ahmed S},
  title     = {Ex Tridenti Mercatus? Sea-power and maritime trade in the age of globalization},
  journal   = {Journal of International Economics},
  year      = {2016},
  volume    = {100},
  pages     = {95--111},
  publisher = {Elsevier},
}

@Misc{farr2016merchant,
  author    = {Farr, James R},
  title     = {The Merchant Republics: Amsterdam, Antwerp, and Hamburg, 1648--1790, by Mary Lindemann},
  year      = {2016},
  publisher = {Oxford Univ Press},
}

@Article{rahman2010fighting,
  author    = {Rahman, Ahmed S},
  title     = {Fighting the forces of gravity--Seapower and maritime trade between the 18th and 20th centuries},
  journal   = {Explorations in Economic History},
  year      = {2010},
  volume    = {47},
  number    = {1},
  pages     = {28--48},
  publisher = {Elsevier},
}

@TechReport{o2005worldwide,
  author      = {O'Rourke, Kevin H},
  title       = {The worldwide economic impact of the Revolutionary and Napoleonic Wars},
  institution = {National Bureau of Economic Research},
  year        = {2005},
}

@Article{juhasz2014temporary,
  author    = {Juh{\'a}sz, R{\'e}ka},
  title     = {Temporary protection and technology adoption: Evidence from the napoleonic blockade},
  year      = {2014},
  publisher = {Centre for Economic Performance (CEP)},
}

@Comment{jabref-meta: databaseType:bibtex;}
