
@article{reuveny2001bilateral,
  title = {Bilateral Import, Export, and Conflict/Cooperation Simultaneity},
  volume = {45},
  timestamp = {2017-08-25T09:02:03Z},
  number = {1},
  journal = {International Studies Quarterly},
  author = {Reuveny, Rafael},
  year = {2001},
  pages = {131--158}
}

@article{glick2010collateral,
  title = {Collateral Damage: {{Trade}} Disruption and the Economic Impact of War},
  volume = {92},
  timestamp = {2017-08-25T09:02:03Z},
  number = {1},
  journal = {The Review of Economics and Statistics},
  author = {Glick, Reuven and Taylor, Alan M},
  year = {2010},
  pages = {102--127}
}

@article{baier2007free,
  title = {Do Free Trade Agreements Actually Increase Members' International Trade?},
  volume = {71},
  timestamp = {2017-08-25T09:02:03Z},
  number = {1},
  journal = {Journal of international Economics},
  author = {Baier, Scott L and Bergstrand, Jeffrey H},
  year = {2007},
  pages = {72--95}
}

@article{daudin2010domestic,
  title = {Domestic Trade and Market Size in Late-Eighteenth-Century {{France}}},
  volume = {70},
  timestamp = {2017-08-25T09:02:03Z},
  number = {03},
  journal = {The Journal of Economic History},
  author = {Daudin, Guillaume},
  year = {2010},
  pages = {716--743}
}

@article{charles_eighteenth-century_2015,
  title = {Eighteenth-Century International {{Trade}} Statistics},
  timestamp = {2017-08-25T09:02:03Z},
  number = {4},
  journal = {Revue de l'OFCE},
  author = {Charles, Lo{\"\i}c and Daudin, Guillaume},
  year = {2015},
  pages = {7--36}
}

@article{glaser2016ex,
  title = {Ex {{Tridenti Mercatus}}? {{Sea}}-Power and Maritime Trade in the Age of Globalization},
  volume = {100},
  timestamp = {2017-08-25T09:02:03Z},
  journal = {Journal of International Economics},
  author = {Glaser, Darrell J and Rahman, Ahmed S},
  year = {2016},
  pages = {95--111}
}

@article{rahman2010fighting,
  title = {Fighting the Forces of Gravity--{{Seapower}} and Maritime Trade between the 18th and 20th Centuries},
  volume = {47},
  timestamp = {2017-08-25T09:02:03Z},
  number = {1},
  journal = {Explorations in Economic History},
  author = {Rahman, Ahmed S},
  year = {2010},
  pages = {28--48}
}

@article{blomberg2006much,
  title = {How Much Does Violence Tax Trade?},
  volume = {88},
  timestamp = {2017-08-25T09:02:03Z},
  number = {4},
  journal = {The Review of Economics and Statistics},
  author = {Blomberg, S Brock and Hess, Gregory D},
  year = {2006},
  pages = {599--612}
}

@book{oliphant2015john,
  title = {John {{Forbes}}: {{Scotland}}, {{Flanders}} and the {{Seven Years}}' {{War}}, 1707-1759},
  timestamp = {2017-08-25T09:02:03Z},
  publisher = {{Bloomsbury Publishing}},
  author = {Oliphant, John},
  year = {2015}
}

@article{martin2008make,
  title = {Make Trade Not War?},
  volume = {75},
  timestamp = {2017-08-25T09:02:03Z},
  number = {3},
  journal = {The Review of Economic Studies},
  author = {Martin, Philippe and Mayer, Thierry and Thoenig, Mathias},
  year = {2008},
  pages = {865--900}
}

@article{blomberg2006conflict,
  title = {On the Conflict--Poverty Nexus},
  volume = {18},
  timestamp = {2017-08-25T09:02:03Z},
  number = {3},
  journal = {Economics \& Politics},
  author = {Blomberg, S Brock and Hess, Gregory D and Thacker, Siddharth},
  year = {2006},
  pages = {237--267}
}

@article{barbieri1999sleeping,
  title = {Sleeping with the Enemy: {{The}} Impact of War on Trade},
  volume = {36},
  timestamp = {2017-08-25T09:02:03Z},
  number = {4},
  journal = {Journal of Peace Research},
  author = {Barbieri, Katherine and Levy, Jack S},
  year = {1999},
  pages = {463--479}
}

@article{juhasz2014temporary,
  title = {Temporary Protection and Technology Adoption: {{Evidence}} from the Napoleonic Blockade},
  timestamp = {2017-08-25T09:02:03Z},
  author = {Juh{\'a}sz, R{\'e}ka},
  year = {2014}
}

@article{anderton2001impact,
  title = {The Impact of War on Trade: {{An}} Interrupted Times-Series Study},
  volume = {38},
  timestamp = {2017-08-25T09:02:03Z},
  number = {4},
  journal = {Journal of Peace Research},
  author = {Anderton, Charles H and Carter, John R},
  year = {2001},
  pages = {445--457}
}

@article{farr2016merchant,
  title = {The {{Merchant Republics}}: {{Amsterdam}}, {{Antwerp}}, and {{Hamburg}}, 1648--1790, by {{Mary Lindemann}}},
  timestamp = {2017-08-25T09:02:03Z},
  author = {Farr, James R},
  year = {2016}
}

@techreport{o2005worldwide,
  title = {The Worldwide Economic Impact of the {{Revolutionary}} and {{Napoleonic Wars}}},
  timestamp = {2017-08-25T09:02:03Z},
  institution = {National Bureau of Economic Research},
  author = {O'Rourke, Kevin H},
  year = {2005}
}

@article{levy2004trading,
  title = {Trading with the Enemy during Wartime},
  volume = {13},
  timestamp = {2017-08-25T09:02:03Z},
  number = {3},
  journal = {Security Studies},
  author = {Levy, Jack S and Barbieri, Katherine},
  year = {2004},
  pages = {1--47}
}

@book{deane_british_1969,
  address = {Cambridge},
  edition = {2},
  title = {British {{Economic Growth}} 1688-1959 : {{Trends}} and {{Structure}}},
  shorttitle = {British {{Economic Growth}} 1688-1959 : {{Trends}} and {{Structure}}},
  timestamp = {2017-08-25T09:06:15Z},
  publisher = {{Cambridge University Press}},
  author = {Deane, Phyllis and Cole, W.A.},
  year = {1969},
  keywords = {Historique Théorique Étranger Industrie Agriculture},
  annote = {The following values have no corresponding Zotero field:Author Address: 4. Autres {\'e}conomies europ{\'e}ennes ou travaux comparatifs}
}

@misc{daudin_toflit18_????,
  title = {{{TOFLIT18}} Database},
  timestamp = {2017-08-25T09:18:30Z},
  howpublished = {\url{https://toflit18.hypotheses.org}},
  author = {Daudin, Guillaume and Charles, Lo{\"\i}c and Girard, Paul}
}

@article{dedinger_exploring_2017,
  title = {Exploring Trade Globalization in the Long Run: {{The RICardo}} Project - {{Google Scholar}}},
  volume = {50},
  doi = {10.1080/01615440.2016.1220269},
  timestamp = {2017-08-25T09:17:28Z},
  number = {1},
  urldate = {2017-08-25},
  journal = {Historical Methods: A Journal of Quantitative and Interdisciplinary History},
  author = {Dedinger, B{\'e}atrice and Girard, Paul},
  year = {2017},
  pages = {30--48}
}

@article{federico_world_2016,
  title = {World Trade, 1800-1938: A New Data-Set},
  timestamp = {2017-08-25T09:23:32Z},
  number = {93},
  urldate = {2017-08-25},
  journal = {EHES Working Papers in Economic History},
  author = {Federico, Giovanni and Tena-Junguito, Antonio},
  year = {2016},
  pages = {300}
}

@book{de_wailly_memoire_1857,
  address = {Paris},
  title = {M{\'e}moire Sur Les Variations de La Livre Trounois Depuis Le R{\`e}gne de {{Saint Louis}} Jusqu' {\`a} l'{\'e}tablissement de La Monnaie D{\'e}cimale},
  volume = {2},
  abstract = {M{\'e}moires de l'Institut national de France.},
  timestamp = {2017-08-25T10:11:50Z},
  publisher = {{M{\'e}moires de l'Institut national de France, Acad{\'e}mie des inscriptions et belles lettres}},
  author = {{de Wailly}, Natalis},
  year = {1857}
}

@misc{clark_england_1209-1914_2006,
  title = {England\_1209-1914},
  timestamp = {2017-08-25T10:12:18Z},
  urldate = {2017-08-25},
  howpublished = {\url{"gpih.ucdavis.edu/files/England_1209-1914_(Clark).xls"}},
  author = {Clark, Greg and Lindert, Peter},
  year = {2006}
}

@book{hoffman_priceless_2000,
  address = {Paris},
  title = {Priceless {{Markets}}: {{The Political Economy}} of {{Credit}} in {{Paris}}, 1660-1870},
  timestamp = {2017-08-25T09:32:28Z},
  urldate = {2017-08-25},
  author = {Hoffman, Philip and Postel-Vinay, Gilles and Rosenthal, Jean-Laurent},
  year = {2000}
}

@book{jastram_silver_1981,
  title = {Silver, the {{Restless Metal}}},
  timestamp = {2017-08-25T09:41:38Z},
  publisher = {{John Wiley}},
  author = {Jastram, Roy W.},
  year = {1981}
}

@book{riley_seven_1986,
  title = {The {{Seven Years War}} and the {{Old Regime}} in {{France}}},
  timestamp = {2017-08-25T09:52:55Z},
  publisher = {{Princeton University Press}},
  author = {Riley, J.C.},
  year = {1986}
}

@incollection{marzagalli_was_2016,
  title = {Was {{Warfare Necessary}} for the {{Functioning}} of {{Eighteenth}}-{{Century Colonial Systems}}? {{Some Reflections}} on the {{Necessity}} of {{Cross}}-{{Imperial}} and {{Foreign Trade}} in the {{French Case}}},
  timestamp = {2017-08-25T10:14:17Z},
  booktitle = {Beyond {{Empires}}: {{Global}}, {{Self}}-{{Organizing}}, {{Cross}}-{{Imperial Networks}}, 1500-1800},
  author = {Marzagalli, Silvia},
  editor = {Antunes, C{\'a}tia and Pol{\'o}nia, Am{\'e}lia},
  year = {2016},
  pages = {253}
}

@article{morineau_vraie_1997,
  title = {La Vraie Nature Des Choses et Leur Encha{\^\i}nement Entre La {{France}}, Les {{Antilles}} et l'{{Europe}} ({{XVir}}-{{XIX}}'si{\`e}cle)},
  volume = {84},
  timestamp = {2017-08-25T10:05:32Z},
  number = {314},
  journal = {Revue fran{\c c}aise d'histoire d'outre-mer},
  author = {Morineau, Michel},
  year = {1997},
  pages = {3--24}
}

@article{lespagnol_mondialisation_1997,
  title = {Mondialisation Des Trafics Inter-Oc{\'e}aniques et Structures Commerciales Nationales Au {{XVIIIe}} Si{\`e}cle: Contradictions et Compromis},
  timestamp = {2017-08-25T10:05:54Z},
  journal = {Bulletin de la Soci{\'e}t{\'e} d'Histoire Moderne et Contemporaine},
  author = {Lespagnol, Andr{\'e}},
  year = {1997},
  pages = {1--2}
}

@unpublished{jefferson_letter_1823,
  title = {Letter from {{Thomas Jefferson}} to {{James Monroe}}, 11 {{June}} 1823},
  timestamp = {2017-08-25T12:09:16Z},
  urldate = {2017-08-25},
  author = {Jefferson, Thomas},
  year = {1823}
}

@book{crouzet_guerre_2008,
  address = {Paris},
  title = {La Guerre {\'E}conomique Franco-Anglaise Au {\textsc{Xviii}}{\textsuperscript{e}} Si{\`e}cle},
  timestamp = {2017-08-25T12:10:13Z},
  urldate = {2009-10-08},
  publisher = {{Fayard}},
  author = {Crouzet, Fran{\c c}ois},
  year = {2008},
  file = {Crouzet - 2008 - La guerre économique franco-anglaise ... - Google .html:/Users/guillaumedaudin/Documents/Recherche/Articles Scannés/Zotero/storage/226E2UEJ/Crouzet - 2008 - La guerre économique franco-anglaise ... - Google .html:text/html}
}

@book{wallerstein_modern_1980,
  address = {New-York},
  title = {The Modern {{World}} System {{II}} : {{Mercantilism}} and the {{Consolidation}} of the {{European World Economy}} 1600-1750},
  shorttitle = {World System {{II}}},
  abstract = {Rq : {\'e}cole Walerstein-Braudel. Il existe Review of the F. Braudel Center},
  timestamp = {2017-08-25T12:10:55Z},
  publisher = {{Academic Press}},
  author = {Wallerstein, Immanuel},
  year = {1980},
  keywords = {Historique  Théorique International},
  annote = {The following values have no corresponding Zotero field:Author Address: 5.0. Commerce international et {\'e}conomies non-europ{\'e}ennes : divers}
}

@misc{roser_war_2016,
  title = {War and {{Peace}}},
  timestamp = {2017-08-25T12:13:44Z},
  howpublished = {\url{https://ourworldindata.org/war-and-peace/}},
  journal = {OurWorldInData},
  author = {Roser, Max},
  year = {2016}
}

@book{gille_les_1964,
  title = {Les Sources Statistiques de l'histoire de {{France}}, Des Enqu{\^e}tes Du {{XVIIe}} Si{\`e}cle {\`a} 1870},
  volume = {1},
  timestamp = {2017-12-19T13:05:03Z},
  publisher = {{Librairie Droz}},
  author = {Gille, Bertrand},
  year = {1964},
  file = {Snapshot:/Users/guillaumedaudin/Documents/Recherche/Articles Scannés/Zotero/storage/JGI3VQDK/books.html:text/html}
}

@book{morgenstern_accuracy_1963,
  title = {On the Accuracy of Economic Observations},
  timestamp = {2017-12-19T13:28:43Z},
  publisher = {{Princeton University Press}},
  author = {Morgenstern, Oskar},
  year = {1963},
  file = {Snapshot:/Users/guillaumedaudin/Documents/Recherche/Articles Scannés/Zotero/storage/87NTJCAN/search.html:text/html}
}

@article{rozanski__1994,
  title = {On the (in) Accuracy of Economic Observations: {{An}} Assessment of Trends in the Reliability of International Trade Statistics},
  volume = {44},
  shorttitle = {On the (in) Accuracy of Economic Observations},
  timestamp = {2017-12-19T13:28:43Z},
  number = {1},
  journal = {Journal of Development Economics},
  author = {Rozanski, Jerzy and Yeats, Alexander},
  year = {1994},
  pages = {103--130},
  file = {Snapshot:/Users/guillaumedaudin/Documents/Recherche/Articles Scannés/Zotero/storage/BW2GFXQS/0304387894000085.html:text/html}
}

@article{escaith_past_2015,
  title = {Past and Present Issues in Trade Statistics},
  timestamp = {2017-12-19T13:43:29Z},
  number = {4},
  journal = {Revue de l'OFCE},
  author = {Escaith, Hubert},
  year = {2015},
  pages = {37--51},
  file = {Snapshot:/Users/guillaumedaudin/Documents/Recherche/Articles Scannés/Zotero/storage/2SM9B5B3/revue-de-l-ofce-2015-4-page-37.html:text/html;Fulltext:/Users/guillaumedaudin/Documents/Recherche/Articles Scannés/Zotero/storage/3F9F29XE/revue-de-l-ofce-2015-4-page-37.html:text/html}
}

@incollection{charles_cross-checking_2018,
  title = {Cross-Checking {{STRO}} with the {{French Balance}} Du {{Commerce}} Data},
  timestamp = {2017-12-19T14:02:46Z},
  booktitle = {Early {{Modern Shipping}} and {{Trade}}. {{Novel}} Approaches Using the {{Sound Toll Registers Online}}},
  author = {Charles, Lo{\"\i}c and Daudin, Guillaume},
  collaborator = {Veluwenkamp, Jan Willem and Scheltjens, Werner},
  year = {2018}
}

@misc{charles_comparing_2016,
  address = {Cambrigde (United Kingdon)},
  title = {Comparing Early Trade Statistics: {{The}} Case of {{Austrian Netherlands}} and {{France}} from 1759 to 1791},
  timestamp = {2017-12-19T14:13:41Z},
  author = {Charles, Lo{\"\i}c and Coenen, Ann and Daudin, Guillaume},
  month = apr,
  year = {2016}
}

@article{gobel_sound_2010,
  title = {The {{Sound Toll Registers Online Project}}, 1497-1857},
  volume = {22},
  timestamp = {2017-12-19T14:56:14Z},
  number = {2},
  urldate = {2014-05-19},
  journal = {International Journal of Maritime History},
  author = {G{\o}bel, Erik},
  year = {2010},
  file = {[PDF] from slaegtsforsker.dk:/Users/guillaumedaudin/Documents/Recherche/Articles Scannés/Zotero/storage/N6H4ZQJ4/Gøbel - 2010 - The Sound Toll Registers Online Project, 1497-1857.pdf:application/pdf;Snapshot:/Users/guillaumedaudin/Documents/Recherche/Articles Scannés/Zotero/storage/4CEZPAZD/advanced.html:text/html}
}


